2642 4684
373 553 471 624 vlll.
522 553 584 622 Do
620 554 850 624 codicibus
881 551 1081 624 Hesiodi.

282 729 314 780 ln
337 729 391 780 hac
416 729 504 781 altera
521 726 636 781 Hesiodi
661 725 811 780 carminum
838 724 955 778 editione
971 725 1000 779 iu
1022 724 1182 778 universum
1198 739 1245 776 se-

215 823 292 873 cutus
308 837 371 872 sum
388 835 436 873 eas
452 821 547 889 leges,
574 835 642 887 quas
659 818 687 870 in
705 819 845 886 superiore
863 817 979 870 editione
996 817 1067 870 mihi
1083 817 1144 884 ipsc
1161 833 1244 884 prae-

214 913 387 980 scripseram.
428 912 547 964 'l'extnm
578 912 613 962 ad
641 910 749 963 codices
778 909 990 978 manuscriptos,
1023 927 1091 978 qnos
1114 913 1162 962 aut
1184 906 1245 975 ipse

215 1003 315 1058 contuli
333 1003 446 1058 autulii
464 1004 642 1068 contulerunt,
660 1003 698 1054 ita
715 1002 851 1066 constitui,
869 1007 900 1055 ut
916 1001 1115 1069 antiquissimos
1133 1000 1245 1070 quidem

212 1097 361 1164 praecipue
379 1112 518 1164 sequerer,
536 1096 583 1146 sed
602 1095 671 1146 alios
689 1094 780 1159 etiam,
798 1110 953 1162 quanquam
969 1095 1142 1160 recentiores,
1159 1093 1184 1144 si
1196 1109 1246 1144 ra-

212 1185 251 1238 tio
280 1187 428 1252 suadebat,
458 1185 486 1238 in
514 1187 582 1238 locis
612 1186 775 1254 quibusdam
803 1186 982 1255 praeferrem.
1019 1175 1146 1251 Ineptum
1171 1182 1245 1234 enim

212 1277 310 1330 fnisad
347 1277 374 1330 in
400 1283 457 1331 tam
482 1277 598 1345 antiquis
621 1275 788 1329 carminibus
810 1294 894 1328 unum
917 1277 1037 1345 aliquem
1056 1273 1179 1327 codicem
1196 1275 1246 1326 vel

214 1375 302 1422 certas
329 1371 462 1437 quasdam
484 1368 609 1420 codicum
633 1368 754 1422 familias
777 1385 844 1436 quas
862 1370 954 1421 dicunt
970 1373 1101 1436 tanquam
1120 1364 1246 1418 clarissi-

212 1477 274 1513 mos
291 1461 486 1529 septentriones
503 1461 589 1528 aequi,
607 1464 752 1528 parvulam
770 1476 835 1513 vero
849 1475 1011 1528 cynosuram
1027 1473 1138 1526 prorsus
1150 1457 1246 1526 negli-

213 1570 288 1622 gere,
306 1554 333 1604 in
352 1570 406 1622 qna
421 1571 462 1619 re,
479 1567 633 1622 quanquam
654 1555 689 1606 ab
703 1551 819 1621 antiquis
831 1552 860 1603 in
871 1552 960 1604 nautis
977 1551 1154 1618 reprehensa,
1173 1566 1245 1600 nunc

211 1643 293 1708 multi
309 1644 362 1700 sibi
379 1645 493 1715 egregie
516 1635 633 1712 placent.
669 1647 731 1712 Quo
748 1661 815 1698 vero
834 1661 927 1698 cursus
944 1643 1013 1698 mibi
1034 1641 1182 1715 ridebatur
1200 1640 1245 1693 di-

211 1735 341 1804 rigendus
359 1751 420 1786 esse
445 1735 472 1786 in
489 1735 603 1806 singulis
622 1736 801 1801 carminibus,
827 1735 940 1803 exposui
957 1735 1142 1804 superioribus
1159 1750 1246 1802 para-

211 1825 336 1894 graphis.
372 1825 548 1880 Coniecturas
567 1828 684 1880 aliorum
702 1827 801 1880 admisi
817 1843 894 1894 raro,
913 1843 990 1880 meus
1003 1806 1153 1884 rarissime.
1192 1827 1246 1881 Er-

211 1928 289 1969 rores
307 1918 342 1968 ab
361 1916 423 1968 aliis
442 1917 583 1986 indicatos,
601 1921 625 1973 si
643 1921 688 1988 qui
706 1922 824 1986 fuerunt,
843 1920 959 1984 correxi,
976 1919 1166 1988 imprimisque
1188 1935 1246 1982 eos,

210 2027 278 2078 quos
303 2010 336 2061 G.
360 2011 547 2078 Hermannus,
578 2013 892 2082 grammaticorum
923 2013 1078 2079 equitum
1109 2010 1246 2063 doctis-

210 2101 320 2157 simus
338 2102 445 2170 (licebit
464 2103 536 2158 enim
553 2105 705 2161 Horatiano
725 2106 797 2158 dicto
817 2105 931 2179 candide
949 2105 1002 2172 nti)
1021 2103 1125 2156 notavit
1140 2102 1246 2170 opusc.

210 2193 244 2248 Τ.
264 2195 307 2248 vl.
342 2196 432 2261 Quem
458 2213 511 2268 ego
534 2197 626 2250 virum
650 2198 831 2255 fortissimum
847 2197 1032 2250 lubentissime
1050 2196 1126 2264 sequi
1143 2197 1247 2247 ducem

211 2286 303 2352 soleo,
335 2288 438 2341 habent
469 2289 542 2344 enim
570 2289 633 2342 eius·
655 2307 736 2345 arma
766 2292 821 2343 hoc
852 2308 914 2343 cum
942 2289 1027 2342 armis
1053 2289 1125 2342 illius
1147 2289 1247 2340 herois

211 2379 316 2447 antiqui
341 2396 500 2441 commune,
521 2383 551 2434 ut
575 2380 658 2433 etiam
676 2384 849 2450 medeantur,
877 2383 941 2434 dum
965 2379 1100 2434 sauciant.
1135 2378 1247 2432 Nihilo-

210 2469 301 2520 minus
327 2474 417 2521 tamen
438 2471 498 2537 ipse
522 2487 574 2525 non
598 2473 760 2538 mirabitur,
793 2475 817 2527 si
839 2475 868 2529 in
892 2471 985 2526 multis
1008 2471 1080 2524 locis
1099 2475 1247 2524 contuma-

210 2576 272 2612 cem
306 2565 387 2628 atque
416 2561 486 2613 adeo
518 2564 711 2620 refractarium
736 2565 851 2620 militem
875 2583 920 2618 me
942 2556 1093 2620 invenerit:
1128 2578 1248 2615 caecum

211 2650 282 2703 enim
300 2652 492 2722 obtemperare
509 2654 620 2708 liberali
638 2657 749 2710 homine
765 2658 915 2728 indignum.

219 2760 225 2766 ·
281 2743 404 2810 Codices,
425 2744 522 2811 quibus
539 2762 604 2799 usus
622 2763 692 2811 sum,
709 2755 771 2804 sunt
787 2750 835 2805 hi:

277 2835 344 2899 vl,
361 2836 516 2889 Venetus
535 2838 576 2889 cl.
594 2839 652 2904 lx,
670 2840 736 2892 uod.
754 2842 799 2892 vl.
817 2857 941 2910 pergam.
959 2839 1017 2906 fol,
1036 2837 1142 2890 saeculi
1157 2836 1245 2904 xla,

207 2942 261 2980 non
278 2927 344 2992 XV,
360 2933 391 2980 nt
407 2927 493 2980 voluit
509 2930 653 2985 Morellius
670 2934 742 3000 apud
759 2933 892 2986 Wolfinm
908 2932 972 2984 Litt.
990 2931 1070 2985 Anul.
1083 2930 1130 2983 ΠΙ.
1143 2948 1170 2997 p·
1180 2927 1246 2984 266.

207 3016 332 3072 Continet
350 3019 562 3090 Theogoniam,
579 3024 708 3090 scutum,
733 3024 826 3092 Opera
844 3041 906 3078 cnm
923 3022 1044 3078 scholiis.
1079 3022 1247 3076 Translatus

207 3111 249 3158 est
273 3106 301 3160 in
322 3107 521 3166 bibliothecam
546 3115 720 3168 Marcianum
743 3135 777 3168 ex
800 3116 970 3170 bibliotheca
994 3114 1044 3170 SS.
1065 3111 1196 3164 lobannis
1216 3120 1247 3167 et

207 3198 297 3251 Pauli.
331 3200 439 3257 Contuli
461 3204 534 3257 hunc
556 3208 680 3260 codicem
704 3223 774 3260 anno
799 3207 877 3260 184⁰.
902 3209 938 3260 ad
962 3208 1102 3276 exemplar
1124 3204 1246 3259 Hesiodi

209 3289 440 3348 Gaisfordionum.
481 3289 604 3351 Maxime
627 3299 817 3352 memorabilis
843 3303 884 3352 est
912 3303 1022 3368 propter
1048 3293 1246 3367 γηρύσασθαι,

208 3383 280 3450 quod
298 3401 325 3435 v.
344 3381 386 3438 28.
405 3402 456 3452 pro
473 3383 662 3457 μυθήσασθαι
672 3393 796 3458 praebet.

177 3465 178 3470 ’
275 3473 345 3540 va,
376 3477 621 3536 venerandas.
636 3483 726 3536 Marci
740 3484 867 3537 coacr.
881 3478 1061 3535 occcnxlu
1077 3479 1242 3534 armum.

205 3565 292 3615 chart.
307 3564 399 3616 bomb.
408 3574 494 3632 quart.
510 3573 960 3644 ContinetScntum,Theogoaiam
968 3576 995 3623 et
1001 3570 1101 3638 Opera.
1114 3572 1244 3642 Scriptus

205 3659 246 3707 est
260 3671 342 3710 manu
354 3657 487 3714 Demetrii
495 3661 619 3716 Triclinii
629 3663 904 3718 ancialum-132⁰.
921 3665 953 3716 ln
968 3663 1023 3714 fine
1038 3662 1112 3715 enim
1118 3663 1244 3734 Operum

204 3744 263 3812 ipse
270 3747 379 3816 scripsit
387 3751 457 3804 haec
466 3750 628 3806 Triclinius:
644 3752 753 3826 ἐγράφη
760 3755 792 3811 τὰ
800 3753 893 3826 παρὸν
900 3756 1006 3824 βιβλίον
1015 3752 1164 3827 διὰχειρόθ
1172 3753 1244 3824 ἕμῦῦ

206 3837 368 3908 Δημητρίου
386 3841 438 3894 rori
458 3846 619 3912 Τρικλινίου
645 3847 795 3902 τελεωθὲν
818 3843 848 3898 ἐν
873 3844 942 3912 μηνὶ
960 3840 1110 3918 adpetere
1127 3849 1243 3921 εἰκοστῇ

211 3928 312 4012 fflffld
321 3943 400 4008 trove
423 3937 544 4006 datad*
558 3953 601 4006 dd
614 3955 700 4007 finem
714 3953 912 4024 Theogoniae:
933 3949 1084 4024 ἐτελειώθη
1095 3955 1128 4010 cd
1144 3954 1242 4028 παρὸν

202 4034 310 4105 βιβλίον
336 4037 384 4091 διὰ
412 4039 504 4112 χειρὸς
526 4041 634 4114 γραφὲν
660 4041 732 4111 ἐμοῦ
755 4048 919 4116 Δημητρίου
946 4049 999 4103 τοῦ
1024 4047 1186 4119 Tpsuttstoo
1209 4046 1242 4105 ἐν
