2642 4684
236 295 328 342 XXXVI

118 406 126 422 ⁴
236 435 381 489 ediscenda
404 435 489 490 suasit
513 437 610 489 cicero
633 436 738 506 heptas
760 435 820 490 lilio
852 436 902 504 (ad
924 435 1003 488 Fam.
1026 435 1074 500 vl,
1096 433 1165 502 la).
1209 435 1269 490 lios

234 530 319 600 igitur
343 530 451 599 singula
475 528 545 584 haec
572 530 720 598 proverbia
744 529 936 600 grandioribus
959 529 1038 582 initio
1054 545 1151 582 verm
1176 529 1269 583 literis

234 605 411 675 distinximus
421 640 438 675 a
455 623 573 690 reliquis.
608 624 723 676 Praeter
739 624 811 675 hacc
831 627 923 676 autem
939 622 966 674 in
983 622 1165 674 oeconomicis
1182 639 1269 691 prae-

235 716 320 784 ceptis
333 717 389 768 alia
401 717 536 783 quaedam
548 717 676 770 uberiora
690 715 812 800 carminp
825 715 953 768 habenda
965 720 1036 780 sunt,
1055 717 1125 782 quat
1141 715 1186 770 Ν.
1203 704 1269 767 rsi-

234 807 341 862 sticis
360 810 393 861 de
411 826 481 879 agro
500 811 614 862 colendo
631 807 822 877 (asa-617.)
839 815 867 862 et
882 809 913 866 V,
936 807 1205 875 mercatoribus
1230 809 1267 862 de

233 901 409 971 navigatione
436 901 501 970 (618
514 931 548 940 -
560 900 638 969 694.)
671 901 811 969 praecepit
832 900 979 974 Hesiodus,
1000 902 1163 954 llclotaram
1182 907 1269 970 poeta

233 999 346 1063 propter
370 995 399 1047 id
424 995 516 1064 ipsum
540 977 558 1048 a
583 996 719 1063 Spartano
742 1012 809 1064 rege
839 993 927 1046 dictus
964 993 1013 1062 (cf.
1046 996 1111 1048 bio
1140 997 1267 1066 chrys.

233 1088 282 1142 Or.
297 1081 331 1142 ll.
349 1087 375 1156 p.
398 1086 509 1156 itinn).
543 1089 576 1140 ln
599 1087 754 1156 praeceptis
777 1086 919 1139 rusticis
942 1093 1086 1154 praeterea
1103 1091 1267 1143 habendum

233 1187 274 1234 cst
291 1183 334 1234 vl.
353 1182 421 1234 illud
439 1181 642 1244 calendarium,
661 1180 734 1248 quod
751 1179 888 1247 Operibus
903 1178 1030 1234 adiicitur
1045 1181 1109 1234 inda
1125 1198 1143 1235 a
1159 1201 1187 1235 v·
1200 1182 1266 1236 165.

231 1276 273 1331 ΔΙ)
291 1275 336 1328 bis
354 1276 480 1328 omnibus
496 1275 545 1327 via
562 1291 594 1326 ac
611 1274 718 1326 ratione
735 1289 847 1340 prorsus
864 1274 974 1326 diversa
991 1279 1054 1326 sunt
1064 1275 1118 1327 tria
1131 1276 1266 1343 canuipa,

232 1386 349 1437 quorum
375 1369 493 1437 primum
516 1367 574 1420 vll.
601 1368 643 1434 (v.
660 1364 817 1433 css-1⁰5.)
840 1367 876 1418 ds
897 1365 1063 1419 Prometheo
1086 1373 1115 1419 et
1135 1369 1267 1424 Pandora

232 1456 357 1517 fabulam
381 1462 567 1530 prosequitur,
592 1457 1003 1527 alterumwll.(1tt-2ol.)
1030 1459 1064 1512 da
1086 1461 1222 1535 aetatibus
1242 1478 1266 1518 ‘a

233 1541 355 1608 msitallis
372 1553 517 1622 appellatis
533 1553 604 1624 agit,
636 1553 748 1606 tertium
763 1553 811 1606 lll.
831 1550 1025 1620 (ssa-558.)
1041 1553 1123 1620 idque
1140 1555 1266 1610 omnium

232 1648 449 1702 recentissimum
467 1647 677 1714 descriptionem
693 1645 794 1702 hiemis
811 1645 905 1699 adiicit
921 1648 1005 1716 longe
1022 1662 1040 1698 a
1051 1647 1189 1715 gravitate
1202 1649 1265 1708 fle-

232 1739 303 1794 siodi
327 1742 374 1793 vel
400 1739 491 1807 poesis
514 1738 667 1796 diductione
689 1739 808 1792 alienam
838 1738 889 1807 (cf.
912 1741 1085 1794 Tuesten.
1108 1736 1264 1794 Commeat.

233 1834 292 1886 crit.
312 1851 339 1901 p.
358 1830 425 1897 56).
459 1831 529 1884 Nam
545 1838 576 1884 ut
593 1834 645 1885 duo
663 1832 772 1900 priora,
795 1849 950 1900 quanquam
966 1833 1092 1885 ubertate
1115 1835 1143 1886 et
1159 1835 1266 1888 cobae-

232 1924 320 1980 rentia
344 1925 539 1978 sententiarum
572 1941 590 1978 a
616 1926 770 1994 proverbiis
795 1925 855 1978 istis
884 1925 1009 1990 diversa,
1038 1926 1146 1978 ethicae
1168 1931 1265 1980 tamen

231 2019 372 2074 doctrinae
394 2019 454 2080 fere
477 2024 538 2071 sunt
562 2024 755 2084 consentanea,
780 2018 853 2086 qnod
876 2019 1015 2070 humanae
1036 2023 1150 2073 naturas
1172 2019 1264 2080 imbe-

231 2111 374 2166 cillitatem
393 2117 420 2164 et
436 2111 602 2179 pravitatem
619 2114 770 2175 optendunt,
787 2113 826 2165 ita
842 2111 953 2164 tertium
964 2127 1075 2178 prorsus
1085 2112 1155 2172 nihil
1165 2114 1265 2182 habet,

233 2205 304 2273 quod
329 2205 358 2257 in
382 2206 452 2258 bauc
476 2223 537 2259 rem
559 2207 704 2274 quicquam
727 2205 821 2258 faciat
863 2206 991 2257 Ceterum
1019 2205 1154 2273 imprimis
1177 2207 1264 2261 etiam

231 2300 380 2352 notandum
397 2304 438 2352 est
455 2316 505 2367 per
522 2301 706 2368 apostrophen
722 2315 753 2352 se
777 2286 936 2352 convertere
952 2303 1064 2366 poetam
1080 2299 1116 2352 ad
1137 2299 1264 2366 Persem,

231 2391 347 2450 fratrem
364 2409 453 2459 suum,
470 2393 520 2445 bis.
531 2393 613 2446 locis:
638 2393 667 2446 in
691 2393 824 2446 ethicis
848 2411 875 2445 r.
892 2392 936 2443 27.
953 2389 1014 2443 212.
1030 2371 1092 2444 2¹14.
1109 2391 1169 2444 286.
1190 2391 1265 2461 2990,

230 2483 259 2535 in
276 2485 426 2537 rusticis
442 2503 469 2537 v.
487 2484 558 2554 aba,
575 2486 604 2541 iu
617 2485 771 2554 praeceptis
782 2487 816 2538 de
833 2484 1070 2555 navigatione
1084 2483 1265 2553 rasabal„

231 2575 259 2628 in
290 2577 457 2652 politicis
481 2594 548 2630 vcro
575 2580 616 2647 (v.
634 2575 695 2630 248.
719 2576 794 2646 263.)
822 2596 857 2631 na
879 2579 980 2630 mentio
1005 2579 1115 2646 quidem
1139 2577 1265 2632 iniicitur

230 2667 348 2737 Persae,
372 2668 422 2720 sed
447 2670 565 2740 Reges
583 2672 729 2739 alloquitur
752 2677 849 2740 poeta,
874 2672 911 2724 ad
928 2688 995 2738 qnos
1018 2671 1127 2740 propris
1150 2672 1264 2726 videtur

181 2759 184 2766 “
231 2760 285 2812 boc
305 2765 496 2842 argumentum
521 2765 668 2830 pertinere.
685 2767 733 2817 =ln
758 2764 973 2818 calendario
996 2769 1024 2817 st
1044 2765 1071 2817 in
1093 2765 1190 2818 tribas
1206 2766 1264 2820 illis

232 2853 411 2920 amplioribus
434 2857 608 2923 carminibus,
628 2874 697 2926 quae
714 2858 796 2910 modo
814 2858 1037 2923 commemoravi,
1055 2861 1131 2912 nulla
1149 2860 1273 2914 omnino.

231 2949 410 3014 apostrophos
427 2951 547 3016 mentio,
571 2967 660 3018 nsque
677 2953 715 3005 ad
730 2952 831 3004 Persen
854 2946 942 3018 neque
959 2950 995 3002 ad
1011 2951 1097 3006 aliam
1114 2969 1263 3021 personam

231 3044 335 3092 certam
360 3039 489 3096 directae.
524 3042 605 3096 Vides
636 3043 722 3114 igitur
751 3059 883 3114 magnam
911 3043 1110 3098 dubitationem
1140 3047 1174 3099 de
1207 3063 1262 3100 uno

144 3149 155 3170 κ
229 3132 329 3184 horum
347 3135 498 3188 carminum
516 3142 629 3190 auctora
647 3137 722 3191 iniici
740 3143 768 3192 et
784 3142 897 3206 propter
910 3138 1051 3191 diversam·
1064 3139 1262 3207 apostrophen,

229 3241 300 3292 quae
322 3241 408 3277 nuum
431 3229 600 3296 eundemque
624 3236 736 3298 poetam
756 3230 786 3283 in
807 3247 862 3282 uuo
878 3231 1037 3298 ‘codemque
1058 3235 1187 3299 poemata
1206 3249 1262 3285 non

228 3318 314 3381 decet,
333 3325 360 3372 et
377 3327 487 3390 propter
505 3321 635 3376 omissam
652 3340 763 3392 prorsus
781 3325 973 3391 apostrophen.
1008 3323 1180 3392 deprimam
1198 3326 1262 3394 qui-

227 3411 290 3466 dem
307 3419 384 3481 patet
400 3417 446 3468 vel
462 3416 563 3470 leviter
578 3415 785 3486 inspicientibus
803 3416 1057 3470 calendarium
1076 3418 1147 3471 istud
1165 3422 1262 3486 poste·

24 3511 29 3515 “
117 3537 119 3541 v
224 3503 281 3555 rins
297 3507 434 3560 adiectum
452 3526 522 3562 asse.
552 3507 647 3582 Ἔργα
673 3511 746 3565 enim
770 3509 860 3578 primo
877 3511 1087 3579 appellabantur
1103 3513 1175 3564 haec
1194 3529 1260 3564 car-

226 3596 302 3649 mina
325 3599 487 3665 (Pausan.
506 3601 554 3668 lx,
571 3603 629 3672 31.)
654 3619 705 3656 uec
726 3604 922 3673 Aristophanes
946 3601 1042 3674 (Reus
1057 3601 1151 3671 1661.)
1176 3619 1260 3656 nosse

224 3688 334 3743 videtur
351 3687 463 3761 ἡμέρας,
480 3701 573 3762 postea
589 3714 656 3750 vero
668 3692 755 3767 Ἔργα
772 3696 820 3750 aci
836 3688 959 3769 Ἡμέραι,
969 3716 1053 3766 quum
1064 3698 1259 3753 Calendarium

224 3781 359 3836 adiectum
377 3791 448 3838 esset
466 3788 525 3856 (ch,
545 3797 575 3844 nt
592 3792 645 3843 boc
663 3794 789 3860 exemplo
806 3796 878 3854 utar,
896 3793 1007 3860 Etym.
1026 3793 1064 3844 M.
1083 3809 1109 3858 p.
1127 3789 1175 3857 88,
1188 3789 1258 3857 14·)·

225 3875 317 3930 Nece
337 3878 444 3931 Boeoto
464 3881 618 3948 protectum
643 3901 702 3937 essa
727 3890 815 3953 potest
833 3885 1028 3939 Calendarium
1044 3888 1156 3954 propter
1173 3881 1258 3935 fabu-

129 3986 133 4004 ·
224 3969 279 4022 lam
293 3970 327 4022 ds
336 3972 463 4038 Apolline
476 3979 540 4027 nato
552 3975 597 4029 dis
607 3978 724 4046 septima
734 3977 930 4049 'l'bargeliouis
946 3979 1048 4033 niensis
1066 3973 1157 4048 (bor.
1169 3974 1258 4042 ist),

224 4077 294 4128 quae
306 4064 452 4130 adllolios‚
463 4082 516 4119 nou
534 4070 570 4122 ad
587 4070 707 4123 Boeotos
724 4074 842 4142 pertinet
858 4073 899 4141 (v.
916 4062 1131 4136 Valcken'a'r.¹
1142 4069 1180 4122 ad
1192 4068 1257 4121 sri-

222 4154 290 4208 ⁸t⁰b
311 4175 338 4225 r·
359 4157 418 4212 11³.
443 4160 613 4250 unsrrsr.
631 4165 696 4216 uss.
713 4165 736 4219 s
752 4182 780 4233 p.
797 4156 858 4220 a'oo.
893 4166 938 4220 cf.
961 4165 1108 4242 nosses.
1124 4162 1254 4234 sgsops.
