2642 4684
1058 288 1108 332 ΠΙ

139 428 223 481 Unde
248 424 407 480 Eustathius
430 425 553 480 hauserit
573 427 707 480 incertum
731 431 773 479 ost
797 426 826 480 iu
843 429 920 480 usu
934 425 1043 480 inem
1058 405 1108 480 rs·

76 527 163 576 terum
190 519 375 574 scholiorum.
418 520 531 588 Legisse
554 536 616 572 eum
633 519 757 587 pleniora
774 537 856 587 quam
879 536 950 586 quse
967 537 1038 572 usuc
1054 521 1108 573 ha·
1159 499 1168 518 ⁹

76 615 191 666 beamus
214 613 243 664 iu
266 613 361 664 Schol.
384 611 450 664 Veu.
470 613 506 662 nd
525 612 557 664 ll.
580 613 610 662 Β.
629 610 692 667 628.
716 611 867 680 probabilis
887 619 929 665 est
953 613 1108 666 coniectus

78 707 181 775 lleyuii
205 706 242 756 ad
265 703 393 771 Apollod.
413 703 447 764 11,
465 701 491 766 5,
508 701 551 766 it,
576 719 626 754 uec
649 703 772 755 reticebo
794 703 882 756 videri
903 703 974 754 mihi
996 701 1107 754 interci-

76 801 145 852 disse
164 813 279 850 versum
296 801 358 864 post
377 791 530 864 μακάρεσσι
546 797 653 860 θεαῖσι,
680 796 756 853 cuius
772 797 845 848 haec
861 793 944 847 fuerit
959 793 1106 846 amanus:

76 894 120 945 dd
143 890 372 953 Dulichium,
397 903 463 954 quo
487 903 560 940 eam
578 888 736 956 Phyleus
762 907 804 940 ex
828 888 951 956 Tegea
971 891 1107 952 rsptsn

77 984 185 1036 duxit.
223 981 375 1034 Recusabis
397 979 514 1031 fortasse
531 982 763 1047 supplementum,
785 996 839 1047 quo
863 978 983 1032 admisso
1005 979 1040 1031 de
1055 979 1107 1030 ’11-

11 1101 13 1106 ·
76 1076 210 1128 mandrae
236 1072 372 1126 adullerio
390 1073 476 1124 multo
501 1073 642 1125 verbosius
668 1078 819 1141 exponatur
843 1089 926 1139 quam
943 1072 978 1123 ds
995 1072 1107 1140 Clytae-

77 1173 215 1219 mnestrae
228 1171 256 1218 et
267 1167 398 1217 Helenae.
426 1165 499 1217 lluic
516 1164 676 1218 dubitationi
688 1167 728 1218 sic
743 1167 912 1234 respondeas
931 1163 977 1215 rix
995 1163 1107 1233 excogi-

77 1259 129 1312 tari
146 1275 238 1325 posse,
256 1257 328 1308 uude
339 1257 497 1309 Eustathius
511 1258 545 1309 de
557 1258 725 1311 Timandrae
740 1259 810 1327 fuga
827 1247 863 1310 ad
879 1255 1038 1309 Dulichium
1055 1271 1106 1309 au-

77 1352 135 1402 dire
155 1350 292 1417 potuerit,
318 1350 370 1402 uisi
393 1369 425 1402 ex
444 1351 494 1403 isto
512 1337 571 1419 ipso
587 1340 743 1419 fragmento
760 1350 917 1402 Hesiodcor
940 1354 1017 1410 mm,
1041 1347 1106 1400 idco

77 1442 235 1496 accuratius
251 1442 280 1494 iu
297 1443 353 1494 hoc
370 1444 403 1494 de
421 1443 571 1495 Timandra
589 1443 688 1495 referri
705 1459 788 1510 quam
805 1445 840 1495 de
862 1440 1014 1503 sororibus,
1041 1438 1107 1505 quis

76 1537 177 1587 harum
196 1535 273 1588 fama
291 1535 497 1602 percrebuisset,
512 1535 585 1588 illius
601 1535 705 1587 novitia
721 1540 810 1598 esset3
833 1534 911 1586 cuius
935 1533 995 1585 lata
1013 1536 1041 1584 et
1057 1531 1106 1584 dc-

67 1617 162 1680 ⁴decus
180 1644 215 1678 ue
234 1631 329 1693 postea
347 1627 469 1693 quidem,
487 1632 618 1694 quantum
636 1627 752 1691 scimus,
769 1627 798 1678 iu
814 1642 911 1687 meua,
935 1639 1005 1691 quse
1027 1640 1106 1676 soro-

78 1737 139 1772 rum
158 1719 276 1787 piaculis
293 1721 438 1786 personuit,
457 1721 552 1774 audita
568 1727 644 1788 suut,
662 1737 713 1772 ucc
730 1719 880 1772 Pausanias
896 1717 971 1786 ipse,
989 1716 1106 1784 antiqui·

77 1812 141 1865 tatis
164 1811 390 1880 diligentissimus
412 1818 559 1876 scrutator,
579 1811 658 1865 'satis
679 1818 808 1865 scemate
829 1817 956 1876 noverat,
983 1810 1106 1862 scribens

78 1906 212 1971 pulsano
237 1902 277 1958 δέ.
312 1905 425 1956 Versum
447 1895 582 1972 deniquo,
600 1921 680 1972 quem
702 1911 733 1959 tu
756 1905 828 1957 iuter
849 1905 1006 1973 fragmema
1026 1921 1106 1956 rece·

79 1997 141 2065 pisti
163 2015 197 2048 ex
216 1997 310 2050 Schol.
328 1997 402 2048 Vrat.
421 1995 531 2048 Pindari
555 1998 602 2062 xl,
620 1996 671 2048 ⁸19:
699 1995 862 2068 Tspriudpqs
880 1994 998 2064 Ἔχεμος
1019 1999 1104 2050 Μι-

80 2087 132 2160 priv
155 2087 289 2156 ποιήσατ’
315 2085 440 2154 ἄκοιτιν,
465 2105 527 2139 cum
550 2086 676 2140 versibus
700 2107 770 2141 nuuc
792 2086 1106 2158 repertis'conglutiusri

82 2199 167 2250 posse,
185 2199 296 2234 mecum
313 2180 466 2234 dubitabis:
495 2197 576 2248 quem
598 2181 668 2234 mihi
690 2199 744 2233 nou
767 2181 924 2249 persuasisti
947 2182 983 2233 ad
999 2180 1107 2250 Aegi-

82 2275 182 2326 mium
198 2274 348 2342 pertinere,
366 2290 420 2340 quo
437 2273 554 2326 retulisti
570 2273 598 2324 in
617 2274 710 2340 priore
727 2274 861 2335 Editioue.
897 2272 992 2337 Vides,
1010 2272 1107 2326 (duest-

82 2367 161 2436 lingi,
178 2383 225 2419 me
242 2383 296 2418 nou
313 2365 393 2418 nimis
410 2379 536 2417 securum
554 2381 613 2416 esse
630 2382 681 2418 nce
698 2367 733 2417 de
749 2365 833 2416 huius
849 2362 985 2416 Carminis
1001 2380 1053 2414 uec
1071 2365 1107 2417 ds

83 2457 137 2509 eius
153 2461 254 2522 aetate,
271 2458 343 2510 unde
361 2459 489 2526 decerpta
506 2463 575 2524 sunt,
593 2473 664 2526 quae
674 2455 841 2510 scholiastes
850 2453 989 2522 Euripidis
1006 2472 1108 2523 suppe-

83 2549 184 2603 ditavit.

33 2646 36 2654 '
146 2642 266 2712 Rogasti
273 2641 411 2707 Scholion,
424 2642 572 2713 Goettliugi
586 2641 751 2706 doctissime,
762 2657 816 2692 uon
831 2641 993 2694 seutentiam
1005 2657 1105 2695 meam.

83 2737 151 2788 lledi
167 2741 325 2801 utrumque3
350 2753 400 2787 uec
418 2737 577 2788 senteutiam
595 2752 649 2788 uon
672 2740 786 2804 rogatus
808 2734 945 2798 tulissem,
969 2735 1021 2786 nisi
1036 2737 1107 2788 haec

84 2829 156 2895 prius
172 2827 274 2896 partim
292 2827 444 2895 conscripta
460 2827 630 2892 habuissem,
654 2828 709 2880 alio
725 2833 849 2895 tempore
866 2829 1033 2895 promends3
1048 2828 1106 2881 ned

84 2935 162 2972 omne
177 2922 240 2984 hoc,
259 2919 389 2986 quidquid
405 2925 446 2972 est
463 2920 596 2972 bonarum
607 2921 759 2986 literarum,
779 2936 922 2972 commuue
935 2922 1039 2972 bouum
1056 2925 1105 2972 cst.

85 3010 188 3076 Uteris,
209 3017 239 3064 ut
265 3013 377 3066 lubebit.
411 3011 517 3065 Eadem
541 3012 647 3079 plenius
670 3012 815 3064 elaborare
835 3017 862 3064 et
886 3011 1044 3078 excubitius
1060 3028 1106 3064 or·
1202 3000 1204 3006 ¹

85 3119 150 3155 nare
165 3105 208 3156 Tu
233 3111 360 3173 poteras,
384 3087 462 3158 cuius
483 3104 633 3157 doctrinam
656 3103 861 3172 magnifacere
884 3106 970 3156 soleo.
1004 3105 1108 3181 Quodsi

86 3195 179 3266 diguus
204 3197 341 3249 censueris
356 3199 410 3250 has
426 3197 520 3264 literas
536 3213 627 3262 meas,
650 3211 721 3264 quae
745 3189 871 3258 edantur,
894 3213 949 3248 nou
972 3196 1108 3249 nocituras

85 3303 160 3341 meae
177 3289 386 3356 existimationi,
402 3290 468 3351 cde,
483 3287 578 3343 πάντα
594 3285 756 3357 pscribere,
782 3306 817 3340 ue
834 3288 979 3355 postremis
990 3282 1107 3354 'quidm

86 3380 126 3432 his
141 3383 267 3435 resectisz
286 3382 312 3434 in
330 3400 383 3448 quo
401 3383 552 3436 modestiae
566 3387 630 3436 tuae
645 3382 773 3434 damnum
786 3396 840 3448 ego
853 3378 1007 3445 praestabo.
1030 3379 1106 3431 Vale·

149 3498 254 3567 Scripsi
272 3501 358 3572 bugd.
377 3501 546 3554 Batavorum

198 3592 243 3644 die
261 3592 304 3645 13.
321 3593 391 3647 Nor.
408 3591 486 3647 1842.

149 3728 180 3779 lu
204 3728 301 3794 quibus
325 3730 411 3784 literis
434 3729 518 3783 facile
535 3728 648 3798 diguam
661 3725 868 3780 'Valckeuaeriis
884 3725 1108 3795 Ruhukeuiisque

86 3816 183 3887 ingenii
194 3820 282 3873 aciem
290 3837 438 3892 agnosces3
451 3829 509 3876 tam
518 3821 631 3893 egregie
639 3818 883 3873 Gecliusrersusd.
890 3824 918 3871 et
926 3816 952 3870 4.
959 3819 1108 3889 fragmenti

87 3911 206 3966 restituit.
246 3914 336 3982 Quam
366 3915 564 3968 restitutionem
592 3914 694 3966 mirum
723 3918 854 3980 quantum
877 3911 1022 3964 confirmat
1050 3913 1107 3962 llu-

88 4006 164 4058 stalh.
183 4007 219 4058 ad
237 4007 268 4060 11.
286 4008 308 4060 1.
327 4026 355 4075 p.
372 4007 434 4060 125.
451 4005 512 4060 126.
531 4011 558 4060 et
574 4004 635 4070 797,
652 4003 695 4058 45.
717 4005 842 4074 [Fragm.
862 4005 967 4057 CCXX.
986 4019 1013 4055 u.
1031 4003 1105 4070 ed.]=

88 4095 134 4149 καὶ
152 4095 292 4164 Ἡσίοδος·
324 4098 415 4154 Φυλέα
439 4100 522 4169 φίλαν
542 4095 698 4170 μακάρεσσι
724 4100 833 4161 θεαῖσι,
865 4097 912 4149 ubi
935 4096 1108 4146 Hermaunus
