2642 4684
159 319 162 328 .
211 258 292 304 ιω

211 394 305 464 έννέα
339 398 496 478 γυναῖκας
529 395 656 480 δάφνας
682 394 770 482 αύτῷ
797 393 1015 476 ψωμιξούσας.
1056 391 1175 478 ἐδήλου
1203 395 1244 462 δὲ

211 495 249 560 τὸ
278 497 360 574 όνωρ
389 493 519 567 πάντως
540 491 584 568 ὥς
603 492 732 572 πικρίας
751 491 806 555 καί
833 492 946 555 πόνων
965 491 1163 574 μετεσχηκὼς
1182 497 1246 578 τῆς

205 591 408 665 παιδεύσεως
428 590 561 673 άειθαλη
582 589 730 672 γεννήσει
749 584 929 671 ποιήματα
960 593 1063 653 ταῦτα
1083 591 1201 653 τοίνυν
1221 591 1242 655 6

206 681 359 762 Ἡσίοδος
377 686 399 769 ἢ
420 691 493 763 ὄψει
512 686 649 767 ὀνείρων
669 685 862 766 τεθεαμένος
881 684 936 750 καί
964 685 1166 762 διυπνισθείς
1185 687 1243 752 καί

179 785 249 854 διὸ
275 784 458 866 ποιμαίνειν
484 782 577 864 άφείς
606 781 664 847 καί
689 784 803 858 πόνοις
830 780 948 846 ἑαυτὸν
969 777 1083 859 ἐνδοὺς
1102 783 1158 848 καί
1178 807 1240 865 μα-

211 884 337 965 θήμασι
366 880 425 963 τὴν
451 883 517 944 τῶν
545 879 682 962 ὀνείρων
709 877 854 945 έπίλυσιν
882 877 1085 962 έξεπέρανεν,
1113 880 1135 963 ἢ
1163 882 1241 963 περί

211 980 269 1045 τόν
285 972 444 1043 Ἑλικῶνα
463 977 646 1059 ποιμαίνων
667 975 851 1060 ἐγρηγορὼς
872 974 927 1041 καί
945 979 1072 1052 ἄϋπνος
1092 977 1140 1041 ὢν
1159 980 1242 1043 σύν-

211 1099 293 1151 νους
311 1097 345 1140 τε
365 1075 447 1155 πρὸς
467 1071 584 1138 ἑαυτὸν
603 1072 746 1155 γεγονὼς
773 1072 829 1138 καί
856 1072 1021 1155 πρέποντα
1039 1079 1125 1139 νούν
1144 1072 1242 1158 ἐσχη-

211 1173 276 1248 κὼς
289 1173 519 1254 ἀποδιδράσκει
535 1171 595 1252 μέν
610 1171 646 1235 τό
661 1169 783 1245 εύτελὲς
796 1168 849 1234 καί
865 1170 1054 1250 ποιμενικὸν
1069 1169 1125 1237 καὶ
1142 1176 1241 1255 σκλη·

161 1271 201 1336 10
212 1272 326 1353 ρόβιον
338 1268 393 1334 καί
402 1267 618 1352 προςδραμὼν
630 1275 671 1350 τῇ
681 1267 847 1332 παιδεύσει
857 1265 913 1331 καὶ
919 1268 1034 1343 πόνοις
1048 1265 1242 1352 ἐγκαρτερή-

211 1382 270 1442 σας
278 1367 419 1450 μεγάλην
426 1371 608 1448 καρποῦται
623 1362 683 1448 τὴν
692 1368 847 1444 εὔκλειαν,
863 1364 918 1429 καί
932 1365 1065 1446 βίβλους
1077 1366 1243 1442 τοσαύτας

211 1464 433 1548 ἐξεπουήσατο,
455 1465 493 1538 ἃς
513 1461 576 1544 ἐγὼ
596 1464 748 1528 Μουσῶν
767 1482 800 1525 τε
820 1460 875 1526 καί
894 1461 1043 1543 γνώσεως
1069 1458 1242 1544 ἐπίσταμαι

125 1563 131 1582 ⁸
210 1563 363 1644 ψώμισμα
383 1560 439 1626 καί
459 1560 587 1640 δάφνας
606 1562 725 1635 λάλους
740 1551 999 1639 Ἐλικωνίτιδας,
1030 1557 1242 1641 έλισσομένας

211 1659 398 1739 ἁπανταχοῦ
419 1656 472 1722 καί
492 1658 679 1730 θαλλούσας
698 1653 754 1720 καί
773 1656 995 1738 κηρυττούσας
1006 1654 1066 1721 τὸν
1079 1654 1156 1738 πρίν
1176 1657 1241 1738 μὲν

160 1754 200 1820 15
211 1755 396 1836 οίκτρόβιον
415 1752 471 1817 καί
491 1753 601 1838 άφανῆ
622 1749 725 1834 νομέα
745 1754 925 1834 ποιμνίων,
954 1759 1019 1818 νύν
1040 1752 1076 1818 δὲ
1095 1753 1242 1836 ἡμίθεον

209 1850 448 1936 χρηματίσαντα
475 1848 518 1914 δι’
546 1849 661 1934 άρετῆς
688 1848 744 1915 καί
771 1851 978 1926 παιδεύσεως.
1019 1847 1121 1931 ὥςπερ
1141 1849 1241 1915 καλό

210 1948 452 2031 Σωφρονίσκου
474 1947 651 2030 Σωκράτης
673 1947 691 2011 6
711 1946 879 2024 λιθοξόος,
907 1946 962 2012 καὶ
988 1946 1008 2010 ό
1028 1947 1239 2032 ἰχθυοπώλης

210 2045 387 2127 Δημάδης,
418 2042 473 2108 καί
493 2045 512 2108 6
533 2048 590 2127 τῆς
609 2045 863 2126 τυμπανιστρίας
882 2044 1045 2127 Λίσχίνης,
1067 2045 1184 2124 Σίμων
1203 2067 1241 2110 τε

210 2143 230 2207 6
250 2143 403 2218 σκυτεύς,
424 2140 479 2206 καί
499 2140 518 2204 6
538 2135 694 2223 λαχανεὺς
714 2142 911 2224 Εὐριπίδης,
939 2141 986 2206 ἔτι
1004 2161 1039 2206 τε
1058 2140 1077 2207 6
1098 2143 1240 2225 Σκύθης
1290 2171 1297 2178 ·

158 2232 412 2322 λΟἈνάχαρσις,
444 2235 498 2303 καί
525 2241 624 2320 ἄμφω
644 2240 689 2302 τὼ
715 2239 824 2303 δούλω
845 2239 1000 2314 Αἴσωπος
1019 2237 1075 2302 καί
1090 2232 1239 2322 Ἐπίκτη-

211 2359 285 2416 τος,
305 2335 360 2401 καί
380 2337 399 2400 6
418 2337 531 2418 Σύρος
551 2335 658 2419 ῥήτωρ
680 2337 699 2401 6
719 2336 903 2411 Λουκιανὸς
923 2336 942 2400 6
961 2336 1111 2414 λιθοξόος
1129 2336 1240 2402 τεκαὶ

209 2434 388 2518 ἡμίδουλος
398 2481 407 2511 ,
429 2431 484 2496 καί
505 2433 538 2497 οἱ
556 2434 683 2511 λοιποί,
712 2430 833 2514 (ὥςπερ
852 2431 907 2498 καί
926 2436 1004 2514 παρ’
1023 2434 1103 2516 ημῖν
1121 2433 1141 2497 6
1159 2455 1240 2516 χρυ-

209 2531 388 2612 σογνάμων
409 2525 530 2604 ἐκεῖνος
551 2533 739 2614 Σωτήριχος
758 2529 813 2596 καὶ
832 2530 852 2594 6
871 2536 936 2594 νῦν
955 2529 1077 2613 περιὼν
1094 2534 1153 2615 τῆς
1170 2533 1238 2594 Νι-

208 2627 375 2710 κομηδους
394 2625 589 2706 οίνοπράτης
608 2627 790 2707 άρχιερεύς,
811 2625 849 2702 ὃς
869 2627 946 2692 οὐδὲ
965 2634 1030 2693 νύν
1050 2626 1153 2692 ἐθέλει
1171 2633 1237 2692 τοῦ

156 2722 370 2796 munzuns
398 2719 600 2801 ἐξίστασθαι,
638 2727 706 2786 ἀλλ’
734 2725 781 2788 ἔτι
807 2724 867 2788 τόν
901 2719 997 2789 οίνον
1023 2726 1150 2807 μιγνύει
1178 2722 1239 2789 καὶ

208 2819 398 2902 μεταβάλλει
424 2813 501 2895 τοὺς
528 2820 712 2902 άμφορεῖς).
754 2819 996 2903 συνηκμακέυαι
1017 2822 1048 2888 δ’
1076 2821 1177 2886 αύτόν
1203 2823 1241 2886 οἱ

208 2917 268 3000 μέν
291 2909 424 3002 Ὁμήρῳ
451 2917 569 2996 φασίν,
605 2917 638 2982 ol
665 2917 700 2982 δὲ
724 2916 780 2982 καί
800 2910 948 3001 Ὁμήρου
982 2917 1240 3001 προγενέστερον

209 3009 294 3079 εἶναι
320 3014 581 3097 διισχυρίζονται.
632 3014 687 3080 καὶ
715 3016 749 3080 ol
775 3015 835 3098 μέν
862 3015 1116 3098 προγενέστερον
1149 3010 1238 3081 εἶναι

203 3103 351 3196 Ὀμήρου
381 3112 649 3195 διισχυριζόμενοι
677 3110 713 3178 έν
740 3113 851 3195 άρχαῖς
880 3107 966 3178 είκαί
984 3126 1065 3196 φασι
1083 3118 1139 3195 τῆς
1156 3107 1239 3191 Ἀρ-

156 3208 329 3293 3οχίππου
350 3209 465 3292 άρχῆς,
483 3203 634 3291 Ὅμηρον
654 3210 690 3273 δέ
711 3208 747 3274 έν
765 3214 811 3297 τῷ
830 3209 923 3275 τέλει·
960 3210 980 3274 ό
1000 3211 1030 3276 δ’
1055 3201 1239 3292 ’Ἄρχιππος

209 3299 305 3384 οὗτος
324 3305 397 3382 υίὸς
416 3300 459 3389 ἦν
474 3297 642 3386 Ἀκάστου,
663 3308 762 3390 ἄρξας
778 3301 961 3392 Ἀθηναίων
980 3306 1033 3387 ἔτη
1053 3299 1115 3368 λε’·
1143 3305 1178 3369 οί
1197 3304 1237 3370 δὲ

209 3405 413 3487 συγχρόνους
440 3399 561 3481 αὐτοὺς
590 3399 674 3469 είναι
702 3401 848 3485 λέγοντες
880 3403 932 3468 ἐπὶ
957 3411 997 3485 τῇ
1017 3405 1149 3484 τελευτῇ
1169 3407 1236 3467 τοῦ

207 3503 468 3583 Ἀμφιδάμαντος
502 3508 563 3567 τού
600 3500 757 3583 βασιλέως
792 3501 940 3583 Εὐβοίας
972 3497 1076 3582 φασίν
1109 3492 1237 3576 αὐτοὺς

106 3685 111 3695 ¹
207 3596 447 3678 ἀγωνίσασθαι,
468 3597 523 3661 καί
548 3599 750 3680 νενικηκέναι
770 3591 926 3664 Ἡσίοδον
946 3598 1237 3681 ἀγωνοθετοῦντος

275 3803 308 3854 V.
329 3804 352 3854 l.
387 3798 500 3875 αύτῷ]
520 3803 563 3854 Sic
581 3804 639 3855 Vnt.
677 3806 762 3872 Vulgo
779 3803 876 3861 αότόν.

273 3870 306 3920 V.
325 3873 365 3925 13.
399 3867 692 3940 Ἑλικωνίτιδας]
710 3876 754 3926 siu
771 3876 832 3930 Vut.
867 3875 956 3940 Vulgo
973 3871 1187 3933 Ἑλιιιωνίτιδος.

274 3939 305 3993 V.
323 3939 364 3990 24.
403 3941 486 4001 Quum
504 3940 548 3990 hio
566 3941 729 3992 intellexerit
746 3945 853 4003 neooio;
880 3942 1038 4012 οἰνοπράτη
1063 3940 1172 3992 videtur
1190 3949 1236 3990 tu-

208 4006 288 4060 bernu
307 4025 373 4072 ειιε,
391 4009 441 4060 nisi
459 4007 511 4074 lug.
530 4009 737 4077 Νικομηδείοις,
754 4021 785 4061 ut
800 4012 885 4065 olm
914 4009 974 4078 ’της
990 4010 1026 4061 uit
1043 4009 1237 4059 nominativus.

275 4075 367 4130 VM·
402 4074 655 4145 νενικηκέναι]
684 4077 806 4134 SiuVut.
842 4072 1123 4146 Vugovumnw'toe.
