2642 4684
1058 229 1118 276 m

20 349 21 396 3
82 357 186 432 sptium
212 361 255 422 ele
279 355 347 413 ains
369 354 494 429 ιἰἠιαις
519 355 584 414 olal'
607 359 730 430 ἐχόντων
745 377 781 415 01
800 361 925 416 nesius
951 365 1118 436 ὡραία

81 455 227 522 Eplromm
248 469 331 520 qnam
348 451 440 516 sciret,
466 451 526 518 ipse
542 453 578 505 de
593 469 643 506 suo
661 454 767 507 addidit
781 453 813 508 ts
828 456 865 525 τῇ
889 457 1049 530 καλουμένῃ
1064 462 1118 530 γῆς

80 542 218 616 espcddp·
252 543 322 596 Nam
346 557 414 598 vere
442 545 558 602 Hesiodi
581 561 692 598 carmen
719 546 746 598 si
773 546 871 600 iniust
891 548 952 616 Γῆς
974 553 1117 623 seylam,

82 643 154 690 certe
185 653 241 688 non
269 636 418 690 addidisset
447 635 477 690 ἐν
507 639 543 708 τῇ
565 637 723 709 καλουμένῃ
752 640 862 693 Strabo.
902 642 984 708 Quod
1005 647 1115 716 nesap-

83 731 178 782 demus
205 729 280 796 apud
296 728 468 782 Athenaeum
485 730 534 782 lll.
552 749 579 798 p.
599 731 658 784 116.
678 733 711 784 Α.
736 737 879 800 praeterea
896 731 1049 790 Hesiodum
1070 738 1114 792 in·

84 821 155 874 ducit
187 819 257 892 aspi
271 822 394 890 ταριχῶν
416 827 563 892 praecepta
586 824 711 892 dantem,
736 825 822 892 ipsias
845 826 1014 895 Euthydemi
1036 830 1114 890 festi-

20 947 21 950 =
84 932 145 968 rum
162 915 305 967 inventum
323 916 372 966 est.

148 1005 284 1058 Omnium
306 1005 524 1076 fragmentorum
548 1007 666 1064 indicem
694 1009 842 1062 seeundum
872 1008 964 1063 titulos
989 1012 1113 1069 invenies

20 1107 21 1114 ’
84 1117 107 1168 p.
124 1097 200 1162 307„
218 1098 336 1151 indicem
353 1099 565 1167 praecipuorum
582 1101 760 1168 scriptorum,
787 1102 834 1170 qui
850 1101 979 1169 reliquias
995 1106 1113 1169 Hesiodi

83 1191 294 1254 conservarunt,
312 1205 339 1254 p·
357 1189 426 1254 308,
445 1190 472 1243 in
491 1208 572 1258 quem
590 1210 636 1244 eos
653 1195 800 1261 scriptores
816 1195 893 1249 nolui
907 1195 1046 1264 recipere,
1065 1199 1113 1266 qui

80 1279 195 1333 Hesiodi
212 1279 293 1332 locos'
307 1283 438 1348 quosdam
457 1289 741 1338 commemoraverunt
757 1285 880 1351 quidem,
906 1289 954 1340 sed
980 1295 1028 1343 aut
1043 1291 1110 1344 bre-

79 1373 201 1426 vioribus
218 1371 313 1424 verbis
334 1379 380 1428 ant
390 1377 634 1444 depravationibus.
672 1376 812 1440 Ordinem,
829 1393 884 1443 quo
899 1380 1039 1446 superiore
1050 1381 1110 1434 edi·

78 1465 151 1518 tione
168 1464 359 1532 disposueram
376 1465 490 1518 disiecta
507 1467 622 1519 Hesiodi
637 1467 772 1532 membra,
789 1467 816 1518 in
834 1467 991 1522 universnm
1008 1472 1108 1527 etiam·

20 1623 21 1630 ἵ
78 1575 146 1609 nune
159 1562 269 1609 secutus
289 1573 358 1609 sum.
388 1559 466 1626 Quod
483 1559 654 1612 mirabuntur
671 1560 787 1612 fortasse
804 1559 850 1624 qui
865 1559 961 1614 iudicii
971 1563 1005 1615 G.
1024 1565 1109 1617 Her-

78 1647 208 1714 manni‚
245 1665 325 1716 quem
354 1652 466 1704 honoris
498 1669 581 1704 eausa
605 1652 732 1716 nomino,
763 1651 877 1718 (Opusc.
908 1654 954 1707 Vl.
978 1673 1005 1722 p.
1030 1653 1107 1724 255.)

77 1745 110 1796 de
142 1741 185 1793 sic
218 1741 354 1809 dispositis
383 1745 547 1797 carminibus
571 1749 599 1798 et
624 1761 720 1797 eorrrm
749 1745 944 1814 meminerunt,
974 1749 1022 1815 qni
1044 1755 1107 1818 post

76 1836 267 1887 Hermannum
285 1835 410 1890 dixerunt
428 1836 567 1899 similiter3
592 1837 641 1888 sed
668 1836 773 1888 duabus
796 1837 944 1904 praecipue
962 1839 997 1890 de
1014 1841 1105 1893 causis

76 1945 126 1980 nou
145 1943 258 1996 prorsus
277 1943 339 1978 eum
357 1927 486 1980 ordinem
498 1932 605 1981 mutare
623 1927 714 1992 volni,
738 1945 821 1995 quem
842 1945 896 1980 non
918 1947 1029 1996 prorsus
1041 1931 1105 1984 im·

77 2022 192 2089 prudens
213 2017 400 2072 institueram:
424 2019 542 2087 primum
563 2019 637 2073 enim
660 2024 718 2072 tam
740 2021 877 2072 lubricum
901 2026 943 2074 est
964 2022 1104 2092 negotium

77 2115 233 2184 fragmenta
251 2113 385 2177 ordinare,
403 2116 433 2163 nt
450 2127 588 2165 assensum
605 2112 681 2164 ferre
697 2113 743 2164 vel
760 2128 909 2179 paucorum
921 2113 1037 2167 difficile
1052 2116 1103 2180 nit,

77 2205 188 2270 deinde,
216 2203 241 2256 si
264 2205 345 2272 plane
370 2221 471 2258 novum
489 2205 612 2256 ordinem
635 2203 845 2273 excogitassem,
869 2205 1019 2257 verendam
1036 2213 1103 2270 erat,

76 2316 107 2351 ne
123 2297 226 2350 iterum
245 2295 327 2349 etiam
344 2297 372 2348 in
389 2298 443 2350 hae
460 2314 491 2348 re
518 2297 543 2348 in
566 2313 611 2348 me
635 2296 785 2347 excitarem
808 2294 902 2361 apium
925 2299 954 2348 et
975 2296 1103 2350 fucorum

76 2394 116 2444 sel
132 2391 248 2443 aculeos
265 2390 312 2442 vel
327 2390 458 2454 bombos,
485 2389 545 2456 qui,
566 2387 641 2456 regis
664 2388 751 2438 semel
771 2386 873 2439 iudicio
897 2387 932 2438 de
949 2387 1022 2440 libro
1038 2405 1102 2442 meo

76 2481 239 2551 interposito,
256 2479 296 2532 sic
313 2481 341 2533 in
358 2497 403 2534 me
420 2481 587 2544 involarent,
611 2483 642 2532 ut
658 2482 752 2530 tacere
768 2477 855 2530 satias
872 2479 1000 2531 ducerem
1018 2497 1102 2546 qaam

77 2575 210 2628 Ciceronis
238 2573 338 2626 dictmn
367 2591 429 2626 meo
456 2573 538 2626 etiarn
571 2573 697 2639 exemplo
726 2571 904 2623 confirmare:
937 2574 1100 2626 aculeum

76 2669 152 2737 apis
175 2669 251 2720 sine
278 2669 429 2720 clamore
453 2663 552 2739 ferre
575 2681 640 2716 non
658 2680 849 2732 possumus.
884 2664 975 2732 Quare
993 2665 1022 2716 in
1038 2665 1101 2718 uni-

74 2777 179 2814 versnm
197 2757 359 2812 conservavi
375 2755 516 2826 pristinum
534 2757 675 2823 ordinem,
699 2757 795 2826 paneis
812 2760 904 2808 tamen
927 2756 1047 2824 exeeptis
1071 2761 1099 2811 et

74 2853 208 2905 erron'bas
234 2849 375 2915 correctis,
408 2867 474 2919 quos
499 2853 673 2904 {dermannus
696 2849 829 2902 indicavit
851 2849 998 2916 plurimos,
1028 2849 1099 2901 alios

73 2945 335 3004 Harclrselrellelius.
370 2945 435 2996 Post
454 2960 499 2995 me
522 2943 570 2995 alii
593 2945 676 2995 etiam
698 2942 728 2994 in
750 2938 912 3010 colligendis
933 2939 1097 3010 fragmentis

73 3037 185 3090 Hesiodi
203 3037 427 3103 elaboraverunt,
453 3037 483 3089 G.
501 3035 721 3088 Lehmannns
746 3033 780 3084 de
796 3032 913 3084 Hesiodi
929 3033 1098 3087 carmim’lms

76 3129 181 3196 perditis
205 3129 302 3198 partic.
325 3129 347 3181 1.
369 3129 462 3181 Berol.
485 3125 578 3191 lara,
602 3125 633 3178 F.
657 3126 686 3179 S.
710 3124 889 3176 lselrrsins
913 3124 955 3193 (in
980 3141 1096 3193 corpore

75 3221 209 3288 epicorum
228 3222 404 3276 Graecorum.
421 3221 508 3273 Paris.
528 3217 619 3286 1⁸4⁰),
635 3219 673 3271 Η.
691 3219 913 3270 Dnentaerns
930 3217 989 3284 (die
1005 3217 1097 3283 Frag-

20 3379 21 3384 ,
75 3318 158 3366 mente
183 3314 233 3365 der
256 3313 384 3380 episehen
409 3311 506 3365 l’oesie
530 3312 578 3364 der
596 3310 734 3364 Grieehen
753 3309 797 3360 bis
821 3325 870 3360 aur
895 3307 956 3359 Zeit
976 3307 1095 3358 Alexan·

75 3403 130 3457 ders
147 3408 175 3459 d·
193 3405 243 3458 Gr.
278 3389 451 3469 Ildln184tl3
473 3403 614 3472 Nachtrag
636 3419 672 3454 au
688 3402 739 3453 den
759 3400 874 3468 Fragm.
901 3399 980 3476 ΑΚὸΙιι
1004 3395 1095 3466 1841),

76 3495 106 3549 G.
121 3497 459 3551 llarclrscheffelius
476 3493 619 3564 (Hesiodi,
637 3492 761 3557 Eumeli,
779 3489 969 3554 Cinaeth0nis,
992 3489 1050 3543 Asii
1068 3495 1095 3543 et

74 3591 195 3642 carminis
211 3590 356 3658 Naupaclii
374 3589 539 3661 fragmenta.
573 3585 648 3654 liips.
666 3583 759 3653 184⁰),
775 3600 891 3651 quorum
904 3583 1025 3636 omnium
1036 3583 1094 3648 hie,

74 3697 149 3748 poem
165 3683 262 3736 altimo
283 3681 338 3737 dixi
355 3686 426 3747 loeo,
443 3681 497 3734 fuit
513 3676 736 3749 diligentissimus
754 3681 782 3729 et
798 3675 825 3728 in
843 3674 1032 3744 conquirendis
1048 3692 1094 3727 re-

74 3770 156 3840 liqniis
175 3781 202 3828 et
218 3775 247 3829 in
266 3774 436 3838 ordinandis3
463 3773 546 3826 huius
566 3770 651 3842 igitur
675 3769 844 3824 collectionis
861 3785 1007 3822 nnmerum
1023 3765 1093 3818 fleis

75 3867 186 3920 numeris
209 3865 299 3922 adieci
321 3869 349 3921 in
371 3863 537 3935 parenthesi.
572 3863 672 3917 Totum
689 3869 781 3916 tamen
797 3860 1030 3915 Marclsclrelielii
1045 3873 1093 3911 or-

74 3954 159 4012 dinem
174 3961 250 4016 nolui
268 3957 345 4030 sequi
361 3963 418 4012 tum
441 3963 604 4028 propterea,
626 3955 698 4023 qnod
715 3954 845 4024 ignarum
861 3955 1008 4010 visebatur
1024 3965 1091 4017 opo·

695 4060 788 4103 *ml*
