<?xml version="1.0" encoding="UTF-8"?>
<!DOCTYPE html PUBLIC "-//W3C//DTD XHTML 1.0 Transitional//EN"
    "http://www.w3.org/TR/xhtml1/DTD/xhtml1-transitional.dtd">
<html xmlns="http://www.w3.org/1999/xhtml" xml:lang="en" lang="en">
 <head>
  <title>
</title>
<meta http-equiv="Content-Type" content="text/html;charset=utf-8" />
  <meta name='ocr-system' content='tesseract 3.04.00' />
  <meta name='ocr-capabilities' content='ocr_page ocr_carea ocr_par ocr_line ocrx_word'/>
</head>
<body>
  <div class='ocr_page' id='page_1' title='image "./hesiodicarmina00goetgoog_0058.png"; bbox 0 0 2642 4684; ppageno 0'>
   <div class='ocr_carea' id='block_1_1' title="bbox 216 291 259 334">
    <p class='ocr_par' dir='ltr' id='par_1_1' title="bbox 216 291 259 334">
     <span class='ocr_line' id='line_1_1' title="bbox 216 291 259 334; baseline 0 0"><span class='ocrx_word' id='word_1_1' title='bbox 216 291 259 334; x_wconf 78' lang='lat' dir='ltr'>all</span> 
     </span>
    </p>
   </div>
   <div class='ocr_carea' id='block_1_2' title="bbox 144 404 1317 3172">
    <p class='ocr_par' dir='ltr' id='par_1_2' title="bbox 144 404 1317 3172">
     <span class='ocr_line' id='line_1_2' title="bbox 216 404 1250 506; baseline -0.012 -22"><span class='ocrx_word' id='word_1_2' title='bbox 216 433 251 484; x_wconf 86' lang='lat' dir='ltr'>de</span> <span class='ocrx_word' id='word_1_3' title='bbox 280 429 387 506; x_wconf 80' lang='lat' dir='ltr'>adiecto</span> <span class='ocrx_word' id='word_1_4' title='bbox 418 427 558 495; x_wconf 87' lang='lat' dir='ltr'>prooemio</span> <span class='ocrx_word' id='word_1_5' title='bbox 581 433 609 479; x_wconf 88' lang='lat' dir='ltr'>et</span> <span class='ocrx_word' id='word_1_6' title='bbox 636 423 757 478; x_wconf 81' lang='lat' dir='ltr'>indicato</span> <span class='ocrx_word' id='word_1_7' title='bbox 785 404 893 476; x_wconf 71' lang='lat' dir='ltr'>nominis</span> <span class='ocrx_word' id='word_1_8' title='bbox 922 419 1042 474; x_wconf 86' lang='lat' dir='ltr'>auctoris</span> <span class='ocrx_word' id='word_1_9' title='bbox 1066 417 1250 489; x_wconf 73' lang='lat' dir='ltr'>&#39;l&#39;bcogonias</span> 
     </span>
     <span class='ocr_line' id='line_1_3' title="bbox 144 509 1253 582; baseline -0.012 -5"><span class='ocrx_word' id='word_1_10' title='bbox 144 553 148 559; x_wconf 88' lang='lat'><strong>·</strong></span> <span class='ocrx_word' id='word_1_11' title='bbox 218 523 317 576; x_wconf 78' lang='lat' dir='ltr'>eximie</span> <span class='ocrx_word' id='word_1_12' title='bbox 335 524 500 572; x_wconf 73' lang='lat' dir='ltr'><strong>sustentatur</strong></span> <span class='ocrx_word' id='word_1_13' title='bbox 516 519 722 573; x_wconf 84' lang='lat' dir='ltr'>Pausaniae</span> <span class='ocrx_word' id='word_1_14' title='bbox 739 521 799 571; x_wconf 88' lang='lat' dir='ltr'>loco</span> <span class='ocrx_word' id='word_1_15' title='bbox 818 517 865 582; x_wconf 78' lang='grc' dir='ltr'>ΙΧ,</span> <span class='ocrx_word' id='word_1_16' title='bbox 881 514 917 566; x_wconf 69' lang='grc'>21</span> <span class='ocrx_word' id='word_1_17' title='bbox 925 533 932 566; x_wconf 84' lang='lat'><em>=</em></span> <span class='ocrx_word' id='word_1_18' title='bbox 956 511 1087 567; x_wconf 76' lang='grc' dir='ltr'><strong><em>Ἡσίοδον</em></strong></span> <span class='ocrx_word' id='word_1_19' title='bbox 1104 512 1136 565; x_wconf 76' lang='grc' dir='ltr'>δὲ</span> <span class='ocrx_word' id='word_1_20' title='bbox 1153 509 1173 579; x_wconf 73' lang='grc' dir='ltr'><strong><em>ἢ</em></strong></span> <span class='ocrx_word' id='word_1_21' title='bbox 1198 509 1253 564; x_wconf 74' lang='grc' dir='ltr'>τὸν</span> 
     </span>
     <span class='ocr_line' id='line_1_4' title="bbox 215 606 1251 686; baseline -0.014 -17"><span class='ocrx_word' id='word_1_22' title='bbox 215 611 335 686; x_wconf 82' lang='grc' dir='ltr'><strong><em>Ἡσιόδῳ</em></strong></span> <span class='ocrx_word' id='word_1_23' title='bbox 359 615 513 680; x_wconf 74' lang='grc' dir='ltr'><strong><em>Θεογονίαν</em></strong></span> <span class='ocrx_word' id='word_1_24' title='bbox 538 611 735 679; x_wconf 61' lang='lat' dir='ltr'>teneriores«.</span> <span class='ocrx_word' id='word_1_25' title='bbox 778 610 868 676; x_wconf 81' lang='lat' dir='ltr'>Quem</span> <span class='ocrx_word' id='word_1_26' title='bbox 892 613 985 659; x_wconf 90' lang='lat' dir='ltr'>autem</span> <span class='ocrx_word' id='word_1_27' title='bbox 1008 606 1141 659; x_wconf 85' lang='lat' dir='ltr'>adiecisse</span> <span class='ocrx_word' id='word_1_28' title='bbox 1168 609 1251 671; x_wconf 85' lang='lat' dir='ltr'>puta-</span> 
     </span>
     <span class='ocr_line' id='line_1_5' title="bbox 216 695 1252 772; baseline -0.014 -13"><span class='ocrx_word' id='word_1_29' title='bbox 216 707 326 759; x_wconf 70' lang='lat' dir='ltr'>bimus?</span> <span class='ocrx_word' id='word_1_30' title='bbox 343 705 472 758; x_wconf 81' lang='lat' dir='ltr'>Difficilis</span> <span class='ocrx_word' id='word_1_31' title='bbox 488 701 528 756; x_wconf 82' lang='lat' dir='ltr'>est</span> <span class='ocrx_word' id='word_1_32' title='bbox 538 705 687 772; x_wconf 81' lang='lat' dir='ltr'>responsio.</span> <span class='ocrx_word' id='word_1_33' title='bbox 705 702 776 754; x_wconf 85' lang='lat' dir='ltr'>Mihi</span> <span class='ocrx_word' id='word_1_34' title='bbox 790 707 881 753; x_wconf 90' lang='lat' dir='ltr'>tamen</span> <span class='ocrx_word' id='word_1_35' title='bbox 898 701 1029 752; x_wconf 88' lang='lat' dir='ltr'>adiecisse</span> <span class='ocrx_word' id='word_1_36' title='bbox 1041 695 1252 763; x_wconf 73' lang='lat' dir='ltr'>Terpander</span> 
     </span>
     <span class='ocr_line' id='line_1_6' title="bbox 219 787 1251 865; baseline -0.016 -12"><span class='ocrx_word' id='word_1_37' title='bbox 219 801 344 864; x_wconf 79' lang='lat' dir='ltr'>videtur,</span> <span class='ocrx_word' id='word_1_38' title='bbox 370 815 461 865; x_wconf 86' lang='lat' dir='ltr'>quem,</span> <span class='ocrx_word' id='word_1_39' title='bbox 486 802 602 865; x_wconf 87' lang='lat' dir='ltr'>egente</span> <span class='ocrx_word' id='word_1_40' title='bbox 624 795 757 846; x_wconf 87' lang='lat' dir='ltr'>Hesiodia</span> <span class='ocrx_word' id='word_1_41' title='bbox 775 791 924 845; x_wconf 85' lang='lat' dir='ltr'>secundum</span> <span class='ocrx_word' id='word_1_42' title='bbox 948 792 1074 844; x_wconf 84' lang='lat' dir='ltr'>fabulam</span> <span class='ocrx_word' id='word_1_43' title='bbox 1097 787 1251 848; x_wconf 77' lang='lat' dir='ltr'>oriundum,</span> 
     </span>
     <span class='ocr_line' id='line_1_7' title="bbox 219 877 1252 954; baseline -0.016 -10"><span class='ocrx_word' id='word_1_44' title='bbox 219 893 341 944; x_wconf 87' lang='lat' dir='ltr'>carmina</span> <span class='ocrx_word' id='word_1_45' title='bbox 359 889 477 942; x_wconf 77' lang='lat' dir='ltr'><strong>Hesiodi</strong></span> <span class='ocrx_word' id='word_1_46' title='bbox 495 888 579 941; x_wconf 87' lang='lat' dir='ltr'>etiam</span> <span class='ocrx_word' id='word_1_47' title='bbox 597 887 702 939; x_wconf 88' lang='lat' dir='ltr'>musica</span> <span class='ocrx_word' id='word_1_48' title='bbox 719 887 747 937; x_wconf 94' lang='lat' dir='ltr'>in</span> <span class='ocrx_word' id='word_1_49' title='bbox 765 877 900 954; x_wconf 81' lang='lat' dir='ltr'>agonibus</span> <span class='ocrx_word' id='word_1_50' title='bbox 915 881 1106 952; x_wconf 73' lang='lat' dir='ltr'>perstrinxisse</span> <span class='ocrx_word' id='word_1_51' title='bbox 1124 879 1252 930; x_wconf 84' lang='lat' dir='ltr'>diximus.</span> 
     </span>
     <span class='ocr_line' id='line_1_8' title="bbox 219 970 1251 1052; baseline -0.014 -16"><span class='ocrx_word' id='word_1_52' title='bbox 219 987 260 1036; x_wconf 82' lang='lat' dir='ltr'>Dc</span> <span class='ocrx_word' id='word_1_53' title='bbox 277 986 331 1035; x_wconf 89' lang='lat' dir='ltr'>hoc</span> <span class='ocrx_word' id='word_1_54' title='bbox 349 987 430 1052; x_wconf 90' lang='lat' dir='ltr'>poeta</span> <span class='ocrx_word' id='word_1_55' title='bbox 447 982 485 1034; x_wconf 87' lang='lat' dir='ltr'>ita</span> <span class='ocrx_word' id='word_1_56' title='bbox 504 979 724 1033; x_wconf 78' lang='lat' dir='ltr'>Plutarchus</span> <span class='ocrx_word' id='word_1_57' title='bbox 741 979 775 1030; x_wconf 92' lang='lat' dir='ltr'>dc</span> <span class='ocrx_word' id='word_1_58' title='bbox 787 978 890 1029; x_wconf 88' lang='lat' dir='ltr'>musica</span> <span class='ocrx_word' id='word_1_59' title='bbox 905 995 928 1028; x_wconf 92' lang='lat' dir='ltr'>c.</span> <span class='ocrx_word' id='word_1_60' title='bbox 942 974 973 1026; x_wconf 79' lang='lat'>4:</span> <span class='ocrx_word' id='word_1_61' title='bbox 993 970 1193 1041; x_wconf 63' lang='lat' dir='ltr'>accelerandi</span> <span class='ocrx_word' id='word_1_62' title='bbox 1211 971 1251 1040; x_wconf 75' lang='grc' dir='ltr'>τῷ</span> 
     </span>
     <span class='ocr_line' id='line_1_9' title="bbox 223 1059 1252 1146; baseline -0.013 -18"><span class='ocrx_word' id='word_1_63' title='bbox 223 1075 398 1146; x_wconf 76' lang='grc' dir='ltr'><em>Τερπάνδρῳ</em></span> <span class='ocrx_word' id='word_1_64' title='bbox 424 1069 472 1127; x_wconf 81' lang='lat' dir='ltr'>nai</span> <span class='ocrx_word' id='word_1_65' title='bbox 495 1074 633 1144; x_wconf 75' lang='grc' dir='ltr'><strong><em>προοίμια</em></strong></span> <span class='ocrx_word' id='word_1_66' title='bbox 654 1069 833 1142; x_wconf 54' lang='lat' dir='ltr'>praeeperat</span> <span class='ocrx_word' id='word_1_67' title='bbox 856 1067 887 1123; x_wconf 77' lang='grc' dir='ltr'>ἐν</span> <span class='ocrx_word' id='word_1_68' title='bbox 911 1066 1012 1122; x_wconf 79' lang='grc' dir='ltr'><strong><em>ἔτεσιν.</em></strong></span> <span class='ocrx_word' id='word_1_69' title='bbox 1048 1059 1095 1118; x_wconf 73' lang='grc' dir='ltr'><strong><em>ὅτι</em></strong></span> <span class='ocrx_word' id='word_1_70' title='bbox 1111 1061 1143 1118; x_wconf 69' lang='grc' dir='ltr'>δὲ</span> <span class='ocrx_word' id='word_1_71' title='bbox 1160 1062 1189 1118; x_wconf 81' lang='lat' dir='ltr'>oi</span> <span class='ocrx_word' id='word_1_72' title='bbox 1206 1082 1252 1116; x_wconf 83' lang='lat' dir='ltr'>sss-</span> 
     </span>
     <span class='ocr_line' id='line_1_10' title="bbox 218 1153 1254 1239; baseline -0.013 -17"><span class='ocrx_word' id='word_1_73' title='bbox 218 1168 377 1239; x_wconf 75' lang='grc' dir='ltr'><strong><em>θσρῳδικοί</em></strong></span> <span class='ocrx_word' id='word_1_74' title='bbox 394 1165 476 1235; x_wconf 83' lang='grc' dir='ltr'><strong><em>νόμοι</em></strong></span> <span class='ocrx_word' id='word_1_75' title='bbox 494 1165 523 1218; x_wconf 73' lang='grc' dir='ltr'>οἱ</span> <span class='ocrx_word' id='word_1_76' title='bbox 541 1165 628 1218; x_wconf 76' lang='grc' dir='ltr'><strong><em>πάλαι</em></strong></span> <span class='ocrx_word' id='word_1_77' title='bbox 647 1163 676 1230; x_wconf 73' lang='grc' dir='ltr'>ἐξ</span> <span class='ocrx_word' id='word_1_78' title='bbox 690 1161 765 1217; x_wconf 73' lang='grc' dir='ltr'>ἐτῶν</span> <span class='ocrx_word' id='word_1_79' title='bbox 779 1164 952 1227; x_wconf 72' lang='grc' dir='ltr'><strong><em>συνίσταντο,</em></strong></span> <span class='ocrx_word' id='word_1_80' title='bbox 966 1155 1109 1227; x_wconf 71' lang='grc' dir='ltr'><strong><em>Τιμόθεος</em></strong></span> <span class='ocrx_word' id='word_1_81' title='bbox 1120 1153 1254 1224; x_wconf 71' lang='grc' dir='ltr'>ἐδήλωσε,</span> 
     </span>
     <span class='ocr_line' id='line_1_11' title="bbox 220 1246 1269 1328; baseline -0.014 -14"><span class='ocrx_word' id='word_1_82' title='bbox 220 1267 247 1314; x_wconf 89' lang='lat' dir='ltr'>et</span> <span class='ocrx_word' id='word_1_83' title='bbox 270 1262 353 1328; x_wconf 86' lang='lat' dir='ltr'>paulo</span> <span class='ocrx_word' id='word_1_84' title='bbox 371 1263 433 1327; x_wconf 90' lang='lat' dir='ltr'>post</span> <span class='ocrx_word' id='word_1_85' title='bbox 456 1275 479 1309; x_wconf 85' lang='lat' dir='ltr'>o.</span> <span class='ocrx_word' id='word_1_86' title='bbox 497 1258 528 1310; x_wconf 80' lang='lat'>6:</span> <span class='ocrx_word' id='word_1_87' title='bbox 548 1254 583 1311; x_wconf 77' lang='lat' dir='ltr'>sni</span> <span class='ocrx_word' id='word_1_88' title='bbox 602 1254 655 1328; x_wconf 75' lang='grc' dir='ltr'>γὰρ</span> <span class='ocrx_word' id='word_1_89' title='bbox 673 1251 744 1328; x_wconf 73' lang='grc' dir='ltr'>πρὸς</span> <span class='ocrx_word' id='word_1_90' title='bbox 761 1255 830 1316; x_wconf 79' lang='grc' dir='ltr'>τούς</span> <span class='ocrx_word' id='word_1_91' title='bbox 845 1253 936 1316; x_wconf 71' lang='grc' dir='ltr'><strong><em>θεοὺς</em></strong></span> <span class='ocrx_word' id='word_1_92' title='bbox 953 1246 1005 1314; x_wconf 71' lang='lat' dir='ltr'>oric</span> <span class='ocrx_word' id='word_1_93' title='bbox 1029 1248 1179 1322; x_wconf 72' lang='grc' dir='ltr'><strong><em>ἐβούλοντο</em></strong></span> <span class='ocrx_word' id='word_1_94' title='bbox 1197 1248 1269 1316; x_wconf 83' lang='lat' dir='ltr'>(sis·</span> 
     </span>
     <span class='ocr_line' id='line_1_12' title="bbox 220 1339 1253 1418; baseline -0.012 -12"><span class='ocrx_word' id='word_1_95' title='bbox 220 1354 393 1406; x_wconf 83' lang='lat' dir='ltr'>scribendum</span> <span class='ocrx_word' id='word_1_96' title='bbox 411 1369 469 1404; x_wconf 86' lang='lat' dir='ltr'>esse</span> <span class='ocrx_word' id='word_1_97' title='bbox 483 1350 608 1418; x_wconf 69' lang='lat' dir='ltr'>uidetur)</span> <span class='ocrx_word' id='word_1_98' title='bbox 634 1344 864 1418; x_wconf 69' lang='grc' dir='ltr'><strong><em>ἀφοσιωσάμενοι</em></strong></span> <span class='ocrx_word' id='word_1_99' title='bbox 887 1346 1029 1418; x_wconf 72' lang='grc' dir='ltr'><strong><em>ἐξέβαινον</em></strong></span> <span class='ocrx_word' id='word_1_100' title='bbox 1052 1339 1139 1405; x_wconf 64' lang='lat' dir='ltr'>sribia</span> <span class='ocrx_word' id='word_1_101' title='bbox 1157 1339 1205 1395; x_wconf 74' lang='lat' dir='ltr'>tut</span> <span class='ocrx_word' id='word_1_102' title='bbox 1221 1357 1253 1395; x_wconf 76' lang='grc' dir='ltr'><strong><em>τι</em></strong></span> 
     </span>
     <span class='ocr_line' id='line_1_13' title="bbox 220 1427 1253 1516; baseline -0.017 -14"><span class='ocrx_word' id='word_1_103' title='bbox 220 1446 274 1516; x_wconf 77' lang='grc' dir='ltr'>τὴν</span> <span class='ocrx_word' id='word_1_104' title='bbox 297 1444 422 1516; x_wconf 79' lang='grc' dir='ltr'><strong><em>Ὁμήρου</em></strong></span> <span class='ocrx_word' id='word_1_105' title='bbox 446 1443 494 1498; x_wconf 75' lang='grc' dir='ltr'>καὶ</span> <span class='ocrx_word' id='word_1_106' title='bbox 520 1445 578 1496; x_wconf 74' lang='grc' dir='ltr'><strong><em>τοῖν</em></strong></span> <span class='ocrx_word' id='word_1_107' title='bbox 603 1436 695 1495; x_wconf 74' lang='grc' dir='ltr'><strong><em>ἄλλων</em></strong></span> <span class='ocrx_word' id='word_1_108' title='bbox 719 1443 841 1511; x_wconf 81' lang='grc' dir='ltr'><strong><em>ποίησιν.</em></strong></span> <span class='ocrx_word' id='word_1_109' title='bbox 878 1443 967 1508; x_wconf 69' lang='grc' dir='ltr'><strong><em>δῆλον</em></strong></span> <span class='ocrx_word' id='word_1_110' title='bbox 984 1434 1016 1492; x_wconf 77' lang='lat' dir='ltr'>di</span> <span class='ocrx_word' id='word_1_111' title='bbox 1033 1429 1110 1489; x_wconf 75' lang='grc' dir='ltr'><strong><em>τοῦτ’</em></strong></span> <span class='ocrx_word' id='word_1_112' title='bbox 1126 1431 1185 1488; x_wconf 78' lang='grc' dir='ltr'><strong><em>ἔστι</em></strong></span> <span class='ocrx_word' id='word_1_113' title='bbox 1196 1427 1253 1485; x_wconf 72' lang='grc' dir='ltr'><strong><em>,διὰ</em></strong></span> 
     </span>
     <span class='ocr_line' id='line_1_14' title="bbox 221 1528 1254 1608; baseline -0.016 -15"><span class='ocrx_word' id='word_1_114' title='bbox 221 1540 280 1594; x_wconf 78' lang='lat' dir='ltr'>reis</span> <span class='ocrx_word' id='word_1_115' title='bbox 306 1535 491 1608; x_wconf 75' lang='grc' dir='ltr'><strong><em>Τερπάνδρου</em></strong></span> <span class='ocrx_word' id='word_1_116' title='bbox 514 1536 680 1606; x_wconf 75' lang='grc' dir='ltr'><strong><em>προοιμίων.</em></strong></span> <span class='ocrx_word' id='word_1_117' title='bbox 715 1537 777 1588; x_wconf 87' lang='grc' dir='ltr'>Ηοο</span> <span class='ocrx_word' id='word_1_118' title='bbox 803 1535 942 1602; x_wconf 72' lang='lat' dir='ltr'>aptissime</span> <span class='ocrx_word' id='word_1_119' title='bbox 966 1531 1081 1600; x_wconf 86' lang='lat' dir='ltr'>quadrat</span> <span class='ocrx_word' id='word_1_120' title='bbox 1099 1528 1135 1579; x_wconf 88' lang='lat' dir='ltr'>ad</span> <span class='ocrx_word' id='word_1_121' title='bbox 1151 1543 1254 1594; x_wconf 86' lang='lat' dir='ltr'>prooe-</span> 
     </span>
     <span class='ocr_line' id='line_1_15' title="bbox 222 1623 1255 1697; baseline -0.01 -16"><span class='ocrx_word' id='word_1_122' title='bbox 222 1630 308 1682; x_wconf 90' lang='lat' dir='ltr'>mium</span> <span class='ocrx_word' id='word_1_123' title='bbox 331 1629 527 1697; x_wconf 82' lang='lat' dir='ltr'>Theogoniae3</span> <span class='ocrx_word' id='word_1_124' title='bbox 554 1645 571 1678; x_wconf 91' lang='lat' dir='ltr'>a</span> <span class='ocrx_word' id='word_1_125' title='bbox 597 1626 758 1680; x_wconf 76' lang='lat' dir='ltr'>laudatione</span> <span class='ocrx_word' id='word_1_126' title='bbox 774 1628 918 1678; x_wconf 84' lang='lat' dir='ltr'>Musarum</span> <span class='ocrx_word' id='word_1_127' title='bbox 943 1625 1035 1676; x_wconf 89' lang='lat' dir='ltr'>statim</span> <span class='ocrx_word' id='word_1_128' title='bbox 1059 1625 1094 1675; x_wconf 90' lang='lat' dir='ltr'>ad</span> <span class='ocrx_word' id='word_1_129' title='bbox 1119 1623 1255 1689; x_wconf 78' lang='lat' dir='ltr'>Theogo-</span> 
     </span>
     <span class='ocr_line' id='line_1_16' title="bbox 213 1715 1254 1785; baseline -0.005 -17"><span class='ocrx_word' id='word_1_130' title='bbox 213 1723 297 1773; x_wconf 87' lang='lat' dir='ltr'>niam</span> <span class='ocrx_word' id='word_1_131' title='bbox 314 1721 428 1772; x_wconf 86' lang='lat' dir='ltr'>Hesiodi</span> <span class='ocrx_word' id='word_1_132' title='bbox 446 1717 541 1770; x_wconf 84' lang='lat' dir='ltr'>transit</span> <span class='ocrx_word' id='word_1_133' title='bbox 558 1723 648 1785; x_wconf 83' lang='lat' dir='ltr'>poeta.</span> <span class='ocrx_word' id='word_1_134' title='bbox 683 1719 712 1768; x_wconf 84' lang='lat' dir='ltr'>io</span> <span class='ocrx_word' id='word_1_135' title='bbox 737 1717 796 1785; x_wconf 91' lang='lat' dir='ltr'>ipso</span> <span class='ocrx_word' id='word_1_136' title='bbox 821 1723 912 1770; x_wconf 88' lang='lat' dir='ltr'>autem</span> <span class='ocrx_word' id='word_1_137' title='bbox 929 1717 1071 1784; x_wconf 87' lang='lat' dir='ltr'>prooemio</span> <span class='ocrx_word' id='word_1_138' title='bbox 1088 1721 1146 1768; x_wconf 88' lang='lat' dir='ltr'>tam</span> <span class='ocrx_word' id='word_1_139' title='bbox 1163 1715 1254 1764; x_wconf 85' lang='lat' dir='ltr'>muita</span> 
     </span>
     <span class='ocr_line' id='line_1_17' title="bbox 224 1802 1317 1878; baseline -0.005 -15"><span class='ocrx_word' id='word_1_140' title='bbox 224 1802 315 1865; x_wconf 78' lang='lat' dir='ltr'>in&#39;sunt</span> <span class='ocrx_word' id='word_1_141' title='bbox 331 1809 486 1862; x_wconf 86' lang='lat' dir='ltr'>testimonia</span> <span class='ocrx_word' id='word_1_142' title='bbox 503 1825 621 1877; x_wconf 77' lang='lat' dir='ltr'>magnae</span> <span class='ocrx_word' id='word_1_143' title='bbox 639 1827 703 1860; x_wconf 87' lang='lat' dir='ltr'>cum</span> <span class='ocrx_word' id='word_1_144' title='bbox 715 1809 875 1878; x_wconf 78' lang='lat' dir='ltr'>regionibus</span> <span class='ocrx_word' id='word_1_145' title='bbox 892 1809 1025 1861; x_wconf 82' lang='lat' dir='ltr'>Boeotiae</span> <span class='ocrx_word' id='word_1_146' title='bbox 1038 1809 1115 1876; x_wconf 86' lang='lat' dir='ltr'>qnasi</span> <span class='ocrx_word' id='word_1_147' title='bbox 1131 1805 1256 1858; x_wconf 78' lang='lat' dir='ltr'>familia-</span> <span class='ocrx_word' id='word_1_148' title='bbox 1316 1844 1317 1847; x_wconf 66' lang='lat'>,</span> 
     </span>
     <span class='ocr_line' id='line_1_18' title="bbox 223 1899 1253 1969; baseline -0.008 -13"><span class='ocrx_word' id='word_1_149' title='bbox 223 1902 312 1956; x_wconf 77' lang='lat' dir='ltr'>sitatis</span> <span class='ocrx_word' id='word_1_150' title='bbox 329 1905 483 1952; x_wconf 89' lang='lat' dir='ltr'>contractae</span> <span class='ocrx_word' id='word_1_151' title='bbox 502 1899 551 1968; x_wconf 80' lang='lat' dir='ltr'>(ci.</span> <span class='ocrx_word' id='word_1_152' title='bbox 569 1918 595 1953; x_wconf 79' lang='lat' dir='ltr'>v.</span> <span class='ocrx_word' id='word_1_153' title='bbox 614 1899 717 1968; x_wconf 79' lang='lat'><strong>4-6.)</strong></span> <span class='ocrx_word' id='word_1_154' title='bbox 741 1908 854 1969; x_wconf 89' lang='lat' dir='ltr'>tamque</span> <span class='ocrx_word' id='word_1_155' title='bbox 876 1901 1009 1969; x_wconf 87' lang='lat' dir='ltr'>proprius·</span> <span class='ocrx_word' id='word_1_156' title='bbox 1025 1907 1067 1953; x_wconf 92' lang='lat' dir='ltr'>est</span> <span class='ocrx_word' id='word_1_157' title='bbox 1082 1902 1253 1952; x_wconf 82' lang='lat' dir='ltr'>Boeotorum</span> 
     </span>
     <span class='ocr_line' id='line_1_19' title="bbox 224 1972 1258 2060; baseline -0.007 -12"><span class='ocrx_word' id='word_1_158' title='bbox 224 1997 312 2048; x_wconf 88' lang='lat' dir='ltr'>cultus</span> <span class='ocrx_word' id='word_1_159' title='bbox 337 1995 478 2044; x_wconf 79' lang='lat' dir='ltr'>Musarum</span> <span class='ocrx_word' id='word_1_160' title='bbox 503 1998 530 2044; x_wconf 88' lang='lat' dir='ltr'>et</span> <span class='ocrx_word' id='word_1_161' title='bbox 554 1993 728 2060; x_wconf 86' lang='lat' dir='ltr'>Gratiarum,</span> <span class='ocrx_word' id='word_1_162' title='bbox 753 1995 830 2046; x_wconf 91' lang='lat' dir='ltr'>cuius</span> <span class='ocrx_word' id='word_1_163' title='bbox 852 1994 964 2046; x_wconf 80' lang='lat' dir='ltr'>uberior</span> <span class='ocrx_word' id='word_1_164' title='bbox 986 1972 1013 2045; x_wconf 92' lang='lat' dir='ltr'>in</span> <span class='ocrx_word' id='word_1_165' title='bbox 1040 1992 1160 2045; x_wconf 83' lang='lat' dir='ltr'>carmine</span> <span class='ocrx_word' id='word_1_166' title='bbox 1185 1991 1258 2042; x_wconf 86' lang='lat' dir='ltr'>inest</span> 
     </span>
     <span class='ocr_line' id='line_1_20' title="bbox 225 2085 1258 2154; baseline -0.007 -15"><span class='ocrx_word' id='word_1_167' title='bbox 225 2085 459 2150; x_wconf 79' lang='lat' dir='ltr'>commemoratio,</span> <span class='ocrx_word' id='word_1_168' title='bbox 471 2085 518 2138; x_wconf 77' lang='lat' dir='ltr'>vir</span> <span class='ocrx_word' id='word_1_169' title='bbox 530 2091 560 2137; x_wconf 90' lang='lat' dir='ltr'>ut</span> <span class='ocrx_word' id='word_1_170' title='bbox 572 2087 606 2137; x_wconf 90' lang='lat' dir='ltr'>ab</span> <span class='ocrx_word' id='word_1_171' title='bbox 621 2085 677 2138; x_wconf 87' lang='lat' dir='ltr'>alio</span> <span class='ocrx_word' id='word_1_172' title='bbox 689 2103 771 2154; x_wconf 87' lang='lat' dir='ltr'>quam</span> <span class='ocrx_word' id='word_1_173' title='bbox 785 2103 803 2138; x_wconf 93' lang='lat' dir='ltr'>a</span> <span class='ocrx_word' id='word_1_174' title='bbox 816 2088 920 2138; x_wconf 88' lang='lat' dir='ltr'>Boeoto</span> <span class='ocrx_word' id='word_1_175' title='bbox 934 2087 1067 2154; x_wconf 89' lang='lat' dir='ltr'>scriptum</span> <span class='ocrx_word' id='word_1_176' title='bbox 1080 2101 1140 2136; x_wconf 88' lang='lat' dir='ltr'>esse</span> <span class='ocrx_word' id='word_1_177' title='bbox 1154 2097 1258 2150; x_wconf 87' lang='lat' dir='ltr'>prooe-</span> 
     </span>
     <span class='ocr_line' id='line_1_21' title="bbox 224 2172 1259 2246; baseline -0.008 -15"><span class='ocrx_word' id='word_1_178' title='bbox 224 2180 310 2231; x_wconf 91' lang='lat' dir='ltr'>mium</span> <span class='ocrx_word' id='word_1_179' title='bbox 339 2179 423 2231; x_wconf 89' lang='lat' dir='ltr'>dicas.</span> <span class='ocrx_word' id='word_1_180' title='bbox 466 2179 529 2230; x_wconf 81' lang='lat' dir='ltr'>Fuit</span> <span class='ocrx_word' id='word_1_181' title='bbox 551 2184 643 2232; x_wconf 82' lang='lat' dir='ltr'>autem</span> <span class='ocrx_word' id='word_1_182' title='bbox 666 2181 786 2231; x_wconf 86' lang='lat' dir='ltr'>Boeotus</span> <span class='ocrx_word' id='word_1_183' title='bbox 812 2172 896 2231; x_wconf 88' lang='lat' dir='ltr'>etiam</span> <span class='ocrx_word' id='word_1_184' title='bbox 918 2178 1079 2246; x_wconf 86' lang='lat' dir='ltr'>Terpander</span> <span class='ocrx_word' id='word_1_185' title='bbox 1105 2173 1259 2226; x_wconf 89' lang='lat' dir='ltr'>secundnm</span> 
     </span>
     <span class='ocr_line' id='line_1_22' title="bbox 224 2266 1260 2340; baseline -0.009 -15"><span class='ocrx_word' id='word_1_186' title='bbox 224 2271 347 2325; x_wconf 86' lang='lat' dir='ltr'>Suidam.</span> <span class='ocrx_word' id='word_1_187' title='bbox 381 2271 441 2322; x_wconf 88' lang='lat' dir='ltr'>Iam</span> <span class='ocrx_word' id='word_1_188' title='bbox 460 2270 544 2340; x_wconf 77' lang='lat' dir='ltr'>igitur</span> <span class='ocrx_word' id='word_1_189' title='bbox 561 2270 628 2322; x_wconf 85' lang='lat' dir='ltr'>satis</span> <span class='ocrx_word' id='word_1_190' title='bbox 645 2276 776 2339; x_wconf 89' lang='lat' dir='ltr'>apparet,</span> <span class='ocrx_word' id='word_1_191' title='bbox 801 2289 849 2322; x_wconf 89' lang='lat' dir='ltr'>cur</span> <span class='ocrx_word' id='word_1_192' title='bbox 874 2273 927 2323; x_wconf 90' lang='lat' dir='ltr'>due</span> <span class='ocrx_word' id='word_1_193' title='bbox 951 2287 1019 2338; x_wconf 89' lang='lat' dir='ltr'>prae</span> <span class='ocrx_word' id='word_1_194' title='bbox 1042 2267 1139 2320; x_wconf 83' lang='lat' dir='ltr'>ceteris</span> <span class='ocrx_word' id='word_1_195' title='bbox 1155 2267 1184 2319; x_wconf 91' lang='lat' dir='ltr'>in</span> <span class='ocrx_word' id='word_1_196' title='bbox 1200 2266 1260 2316; x_wconf 87' lang='lat' dir='ltr'>hoc</span> 
     </span>
     <span class='ocr_line' id='line_1_23' title="bbox 227 2358 1261 2432; baseline -0.008 -16"><span class='ocrx_word' id='word_1_197' title='bbox 227 2364 339 2416; x_wconf 77' lang='lat' dir='ltr'>exordio</span> <span class='ocrx_word' id='word_1_198' title='bbox 365 2369 526 2432; x_wconf 79' lang='lat' dir='ltr'>argumenta</span> <span class='ocrx_word' id='word_1_199' title='bbox 550 2363 673 2430; x_wconf 86' lang='lat' dir='ltr'>exposita</span> <span class='ocrx_word' id='word_1_200' title='bbox 691 2363 760 2428; x_wconf 87' lang='lat' dir='ltr'>sint,</span> <span class='ocrx_word' id='word_1_201' title='bbox 779 2366 898 2416; x_wconf 89' lang='lat' dir='ltr'>alterum</span> <span class='ocrx_word' id='word_1_202' title='bbox 916 2364 1103 2414; x_wconf 89' lang='lat' dir='ltr'>demonstrans</span> <span class='ocrx_word' id='word_1_203' title='bbox 1119 2359 1146 2410; x_wconf 90' lang='lat' dir='ltr'>in</span> <span class='ocrx_word' id='word_1_204' title='bbox 1163 2358 1261 2409; x_wconf 87' lang='lat' dir='ltr'>Boeo-</span> 
     </span>
     <span class='ocr_line' id='line_1_24' title="bbox 228 2451 1264 2520; baseline -0.008 -13"><span class='ocrx_word' id='word_1_205' title='bbox 228 2456 266 2518; x_wconf 81' lang='lat' dir='ltr'>tia</span> <span class='ocrx_word' id='word_1_206' title='bbox 285 2455 421 2506; x_wconf 89' lang='lat' dir='ltr'>conditum</span> <span class='ocrx_word' id='word_1_207' title='bbox 440 2473 499 2506; x_wconf 87' lang='lat' dir='ltr'>esse</span> <span class='ocrx_word' id='word_1_208' title='bbox 516 2455 675 2508; x_wconf 82' lang='lat' dir='ltr'>venerabile</span> <span class='ocrx_word' id='word_1_209' title='bbox 692 2473 812 2520; x_wconf 87' lang='lat' dir='ltr'>carmen,</span> <span class='ocrx_word' id='word_1_210' title='bbox 831 2458 971 2507; x_wconf 85' lang='lat' dir='ltr'>Musarum</span> <span class='ocrx_word' id='word_1_211' title='bbox 989 2460 1016 2504; x_wconf 88' lang='lat' dir='ltr'>et</span> <span class='ocrx_word' id='word_1_212' title='bbox 1033 2451 1191 2505; x_wconf 84' lang='lat' dir='ltr'>Gratiarum</span> <span class='ocrx_word' id='word_1_213' title='bbox 1210 2467 1264 2500; x_wconf 85' lang='lat' dir='ltr'>ce-</span> 
     </span>
     <span class='ocr_line' id='line_1_25' title="bbox 229 2540 1264 2614; baseline -0.004 -16"><span class='ocrx_word' id='word_1_214' title='bbox 229 2547 377 2598; x_wconf 84' lang='lat' dir='ltr'>leberrima</span> <span class='ocrx_word' id='word_1_215' title='bbox 394 2546 472 2609; x_wconf 86' lang='lat' dir='ltr'>sede,</span> <span class='ocrx_word' id='word_1_216' title='bbox 488 2545 588 2596; x_wconf 88' lang='lat' dir='ltr'>iniuria</span> <span class='ocrx_word' id='word_1_217' title='bbox 606 2540 794 2614; x_wconf 74' lang='grc' dir='ltr'><strong><em>ἀναισθησίας</em></strong></span> <span class='ocrx_word' id='word_1_218' title='bbox 820 2549 897 2599; x_wconf 87' lang='lat' dir='ltr'>istius</span> <span class='ocrx_word' id='word_1_219' title='bbox 915 2550 1059 2608; x_wconf 86' lang='lat' dir='ltr'>accusata,</span> <span class='ocrx_word' id='word_1_220' title='bbox 1082 2543 1116 2593; x_wconf 89' lang='lat' dir='ltr'>de</span> <span class='ocrx_word' id='word_1_221' title='bbox 1132 2557 1187 2608; x_wconf 80' lang='lat' dir='ltr'>qua</span> <span class='ocrx_word' id='word_1_222' title='bbox 1205 2559 1264 2594; x_wconf 89' lang='lat' dir='ltr'>nu-</span> 
     </span>
     <span class='ocr_line' id='line_1_26' title="bbox 231 2636 1265 2706; baseline -0.002 -18"><span class='ocrx_word' id='word_1_223' title='bbox 231 2653 281 2705; x_wconf 89' lang='lat' dir='ltr'>per</span> <span class='ocrx_word' id='word_1_224' title='bbox 298 2637 382 2688; x_wconf 86' lang='lat' dir='ltr'>etiam</span> <span class='ocrx_word' id='word_1_225' title='bbox 399 2636 600 2688; x_wconf 82' lang='lat' dir='ltr'>Boeclrhius</span> <span class='ocrx_word' id='word_1_226' title='bbox 610 2637 682 2690; x_wconf 87' lang='lat' dir='ltr'>dixit</span> <span class='ocrx_word' id='word_1_227' title='bbox 689 2640 769 2706; x_wconf 81' lang='lat' dir='ltr'>Expt.</span> <span class='ocrx_word' id='word_1_228' title='bbox 778 2641 813 2693; x_wconf 87' lang='lat' dir='ltr'>ad</span> <span class='ocrx_word' id='word_1_229' title='bbox 823 2639 898 2691; x_wconf 84' lang='lat' dir='ltr'>Pind.</span> <span class='ocrx_word' id='word_1_230' title='bbox 909 2656 935 2706; x_wconf 92' lang='lat' dir='ltr'>p.</span> <span class='ocrx_word' id='word_1_231' title='bbox 943 2637 1013 2702; x_wconf 67' lang='lat'>162„</span> <span class='ocrx_word' id='word_1_232' title='bbox 1025 2639 1141 2688; x_wconf 86' lang='lat' dir='ltr'>alterum</span> <span class='ocrx_word' id='word_1_233' title='bbox 1153 2639 1265 2686; x_wconf 81' lang='lat' dir='ltr'>testans</span> 
     </span>
     <span class='ocr_line' id='line_1_27' title="bbox 233 2727 1264 2801; baseline 0.003 -24"><span class='ocrx_word' id='word_1_234' title='bbox 233 2727 385 2778; x_wconf 82' lang='lat' dir='ltr'>condidisse</span> <span class='ocrx_word' id='word_1_235' title='bbox 408 2727 559 2781; x_wconf 85' lang='lat' dir='ltr'>Hesiodum</span> <span class='ocrx_word' id='word_1_236' title='bbox 582 2737 721 2797; x_wconf 87' lang='lat' dir='ltr'>pastorem</span> <span class='ocrx_word' id='word_1_237' title='bbox 744 2734 779 2785; x_wconf 92' lang='lat' dir='ltr'>ad</span> <span class='ocrx_word' id='word_1_238' title='bbox 800 2735 876 2801; x_wconf 88' lang='lat' dir='ltr'>ipsas</span> <span class='ocrx_word' id='word_1_239' title='bbox 894 2729 1034 2784; x_wconf 85' lang='lat' dir='ltr'>Heliconis</span> <span class='ocrx_word' id='word_1_240' title='bbox 1050 2727 1180 2780; x_wconf 84' lang='lat' dir='ltr'>radices..</span> <span class='ocrx_word' id='word_1_241' title='bbox 1202 2727 1264 2780; x_wconf 85' lang='lat' dir='ltr'>Sed</span> 
     </span>
     <span class='ocr_line' id='line_1_28' title="bbox 231 2817 1262 2891; baseline -0.001 -20"><span class='ocrx_word' id='word_1_242' title='bbox 231 2819 362 2886; x_wconf 86' lang='lat' dir='ltr'>scriptum</span> <span class='ocrx_word' id='word_1_243' title='bbox 379 2836 438 2871; x_wconf 83' lang='lat' dir='ltr'>csse</span> <span class='ocrx_word' id='word_1_244' title='bbox 455 2823 643 2891; x_wconf 82' lang='lat' dir='ltr'>Theogoniae,</span> <span class='ocrx_word' id='word_1_245' title='bbox 662 2843 715 2877; x_wconf 91' lang='lat' dir='ltr'>non</span> <span class='ocrx_word' id='word_1_246' title='bbox 733 2828 901 2879; x_wconf 83' lang='lat' dir='ltr'>universo</span> <span class='ocrx_word' id='word_1_247' title='bbox 919 2823 1111 2876; x_wconf 88' lang='lat' dir='ltr'>carminum</span> <span class='ocrx_word' id='word_1_248' title='bbox 1126 2817 1262 2871; x_wconf 82' lang='lat' dir='ltr'>Hesio-</span> 
     </span>
     <span class='ocr_line' id='line_1_29' title="bbox 231 2911 1262 2985; baseline -0.002 -21"><span class='ocrx_word' id='word_1_249' title='bbox 231 2912 366 2964; x_wconf 90' lang='lat' dir='ltr'>diorum</span> <span class='ocrx_word' id='word_1_250' title='bbox 394 2915 541 2980; x_wconf 89' lang='lat' dir='ltr'>corpori</span> <span class='ocrx_word' id='word_1_251' title='bbox 559 2917 646 2984; x_wconf 90' lang='lat' dir='ltr'>(quod</span> <span class='ocrx_word' id='word_1_252' title='bbox 667 2915 796 2985; x_wconf 87' lang='lat' dir='ltr'>opinatur</span> <span class='ocrx_word' id='word_1_253' title='bbox 812 2917 871 2968; x_wconf 85' lang='lat' dir='ltr'>sine</span> <span class='ocrx_word' id='word_1_254' title='bbox 886 2914 1025 2983; x_wconf 86' lang='lat' dir='ltr'>probabili</span> <span class='ocrx_word' id='word_1_255' title='bbox 1039 2913 1146 2964; x_wconf 87' lang='lat' dir='ltr'>ratione</span> <span class='ocrx_word' id='word_1_256' title='bbox 1165 2911 1262 2964; x_wconf 90' lang='lat' dir='ltr'>Mue-</span> 
     </span>
     <span class='ocr_line' id='line_1_30' title="bbox 226 3003 1261 3080; baseline -0.003 -24"><span class='ocrx_word' id='word_1_257' title='bbox 226 3003 372 3057; x_wconf 80' lang='lat' dir='ltr'>taellius</span> <span class='ocrx_word' id='word_1_258' title='bbox 392 3005 429 3056; x_wconf 63' lang='lat' dir='ltr'>&#39;de</span> <span class='ocrx_word' id='word_1_259' title='bbox 453 3008 557 3060; x_wconf 88' lang='lat' dir='ltr'>emend.</span> <span class='ocrx_word' id='word_1_260' title='bbox 581 3009 690 3080; x_wconf 78' lang='lat' dir='ltr'>Theog.</span> <span class='ocrx_word' id='word_1_261' title='bbox 709 3029 737 3078; x_wconf 90' lang='lat' dir='ltr'>p.</span> <span class='ocrx_word' id='word_1_262' title='bbox 755 3009 843 3075; x_wconf 71' lang='lat' dir='ltr'>aaa),</span> <span class='ocrx_word' id='word_1_263' title='bbox 880 3007 1072 3074; x_wconf 86' lang='lat' dir='ltr'>comprobatur</span> <span class='ocrx_word' id='word_1_264' title='bbox 1096 3021 1149 3056; x_wconf 89' lang='lat' dir='ltr'>non</span> <span class='ocrx_word' id='word_1_265' title='bbox 1165 3005 1261 3054; x_wconf 86' lang='lat' dir='ltr'>solum</span> 
     </span>
     <span class='ocr_line' id='line_1_31' title="bbox 229 3095 1262 3172; baseline 0 -24"><span class='ocrx_word' id='word_1_266' title='bbox 229 3113 256 3148; x_wconf 87' lang='lat' dir='ltr'>v.</span> <span class='ocrx_word' id='word_1_267' title='bbox 280 3095 333 3160; x_wconf 63' lang='lat'>33„</span> <span class='ocrx_word' id='word_1_268' title='bbox 357 3097 406 3147; x_wconf 91' lang='lat' dir='ltr'>sed</span> <span class='ocrx_word' id='word_1_269' title='bbox 433 3102 488 3148; x_wconf 90' lang='lat' dir='ltr'>toto</span> <span class='ocrx_word' id='word_1_270' title='bbox 508 3100 635 3152; x_wconf 85' lang='lat' dir='ltr'>carminis</span> <span class='ocrx_word' id='word_1_271' title='bbox 653 3108 831 3172; x_wconf 75' lang='lat' dir='ltr'>argmenta,</span> <span class='ocrx_word' id='word_1_272' title='bbox 856 3101 902 3152; x_wconf 90' lang='lat' dir='ltr'>cui</span> <span class='ocrx_word' id='word_1_273' title='bbox 924 3117 958 3151; x_wconf 93' lang='lat' dir='ltr'>ne</span> <span class='ocrx_word' id='word_1_274' title='bbox 977 3097 1132 3151; x_wconf 78' lang='lat' dir='ltr'>levissimae</span> <span class='ocrx_word' id='word_1_275' title='bbox 1149 3096 1262 3163; x_wconf 82' lang='lat' dir='ltr'>quidem</span> 
     </span>
    </p>
   </div>
   <div class='ocr_carea' id='block_1_3' title="bbox 118 3183 1263 3260">
    <p class='ocr_par' dir='ltr' id='par_1_3' title="bbox 118 3183 1263 3260">
     <span class='ocr_line' id='line_1_32' title="bbox 118 3183 1263 3260; baseline -0.002 -20"><span class='ocrx_word' id='word_1_276' title='bbox 118 3207 119 3210; x_wconf 46' lang='lat'>¹</span> <span class='ocrx_word' id='word_1_277' title='bbox 227 3183 525 3256; x_wconf 65' lang='lat' dir='ltr'>indicationes&#39;OEpyov</span> <span class='ocrx_word' id='word_1_278' title='bbox 542 3193 645 3255; x_wconf 80' lang='lat' dir='ltr'>insunt3</span> <span class='ocrx_word' id='word_1_279' title='bbox 671 3194 728 3245; x_wconf 88' lang='lat' dir='ltr'>imo</span> <span class='ocrx_word' id='word_1_280' title='bbox 753 3195 847 3246; x_wconf 86' lang='lat' dir='ltr'>laudes</span> <span class='ocrx_word' id='word_1_281' title='bbox 863 3209 978 3260; x_wconf 78' lang='lat' dir='ltr'>regum,</span> <span class='ocrx_word' id='word_1_282' title='bbox 1000 3183 1070 3256; x_wconf 60' lang='lat' dir='ltr'>&#39;quas</span> <span class='ocrx_word' id='word_1_283' title='bbox 1086 3185 1263 3240; x_wconf 82' lang='lat' dir='ltr'>Muetnsllius</span> 
     </span>
    </p>
   </div>
   <div class='ocr_carea' id='block_1_4' title="bbox 211 3278 1263 4182">
    <p class='ocr_par' dir='ltr' id='par_1_4' title="bbox 211 3278 1263 4182">
     <span class='ocr_line' id='line_1_33' title="bbox 229 3278 1262 3351; baseline -0.004 -18"><span class='ocrx_word' id='word_1_284' title='bbox 229 3287 320 3334; x_wconf 86' lang='lat' dir='ltr'>censet</span> <span class='ocrx_word' id='word_1_285' title='bbox 333 3298 392 3334; x_wconf 88' lang='lat' dir='ltr'>esse</span> <span class='ocrx_word' id='word_1_286' title='bbox 406 3281 657 3351; x_wconf 83' lang='lat' dir='ltr'>antiquissimas-(v.</span> <span class='ocrx_word' id='word_1_287' title='bbox 664 3284 699 3336; x_wconf 79' lang='grc'>80</span> <span class='ocrx_word' id='word_1_288' title='bbox 706 3313 738 3324; x_wconf 86' lang='grc'><strong>-</strong></span> <span class='ocrx_word' id='word_1_289' title='bbox 746 3285 814 3351; x_wconf 66' lang='lat' dir='ltr'>M),</span> <span class='ocrx_word' id='word_1_290' title='bbox 824 3299 937 3351; x_wconf 89' lang='lat' dir='ltr'>prorsus</span> <span class='ocrx_word' id='word_1_291' title='bbox 944 3283 1096 3334; x_wconf 89' lang='lat' dir='ltr'>contrariae</span> <span class='ocrx_word' id='word_1_292' title='bbox 1107 3284 1169 3331; x_wconf 90' lang='lat' dir='ltr'>sunt</span> <span class='ocrx_word' id='word_1_293' title='bbox 1176 3278 1262 3348; x_wconf 77' lang='lat' dir='ltr'>gravi</span> 
     </span>
     <span class='ocr_line' id='line_1_34' title="bbox 230 3370 1262 3444; baseline -0.004 -18"><span class='ocrx_word' id='word_1_294' title='bbox 230 3392 329 3444; x_wconf 84' lang='lat' dir='ltr'>regum</span> <span class='ocrx_word' id='word_1_295' title='bbox 361 3375 538 3427; x_wconf 86' lang='lat' dir='ltr'>admonitioni</span> <span class='ocrx_word' id='word_1_296' title='bbox 561 3376 588 3427; x_wconf 91' lang='lat' dir='ltr'>iu</span> <span class='ocrx_word' id='word_1_297' title='bbox 611 3377 756 3444; x_wconf 87' lang='lat' dir='ltr'>Operibus.</span> <span class='ocrx_word' id='word_1_298' title='bbox 803 3377 882 3428; x_wconf 88' lang='lat' dir='ltr'>Enim</span> <span class='ocrx_word' id='word_1_299' title='bbox 910 3392 977 3428; x_wconf 85' lang='lat' dir='ltr'>vero</span> <span class='ocrx_word' id='word_1_300' title='bbox 999 3373 1022 3425; x_wconf 91' lang='lat' dir='ltr'>si</span> <span class='ocrx_word' id='word_1_301' title='bbox 1052 3371 1108 3423; x_wconf 85' lang='lat' dir='ltr'>dixi</span> <span class='ocrx_word' id='word_1_302' title='bbox 1138 3371 1167 3422; x_wconf 94' lang='lat' dir='ltr'>in</span> <span class='ocrx_word' id='word_1_303' title='bbox 1196 3370 1262 3436; x_wconf 84' lang='lat' dir='ltr'>ipsa</span> 
     </span>
     <span class='ocr_line' id='line_1_35' title="bbox 230 3460 1263 3536; baseline -0.002 -20"><span class='ocrx_word' id='word_1_304' title='bbox 230 3465 346 3519; x_wconf 85' lang='lat' dir='ltr'>Hesiodi</span> <span class='ocrx_word' id='word_1_305' title='bbox 364 3468 529 3536; x_wconf 75' lang='lat' dir='ltr'>Theogonis</span> <span class='ocrx_word' id='word_1_306' title='bbox 546 3469 687 3522; x_wconf 88' lang='lat' dir='ltr'>rarissima</span> <span class='ocrx_word' id='word_1_307' title='bbox 704 3487 764 3522; x_wconf 88' lang='lat' dir='ltr'>esse</span> <span class='ocrx_word' id='word_1_308' title='bbox 781 3470 922 3522; x_wconf 83' lang='lat' dir='ltr'>variarum</span> <span class='ocrx_word' id='word_1_309' title='bbox 938 3465 1126 3519; x_wconf 85' lang='lat' dir='ltr'>recensionum</span> <span class='ocrx_word' id='word_1_310' title='bbox 1141 3460 1263 3531; x_wconf 77' lang='lat' dir='ltr'>vestigia</span> 
     </span>
     <span class='ocr_line' id='line_1_36' title="bbox 230 3554 1263 3628; baseline -0.002 -19"><span class='ocrx_word' id='word_1_311' title='bbox 230 3562 342 3624; x_wconf 87' lang='lat' dir='ltr'>propter</span> <span class='ocrx_word' id='word_1_312' title='bbox 368 3557 457 3624; x_wconf 90' lang='lat' dir='ltr'>ipsam</span> <span class='ocrx_word' id='word_1_313' title='bbox 482 3562 635 3628; x_wconf 80' lang='lat' dir='ltr'>argumenti</span> <span class='ocrx_word' id='word_1_314' title='bbox 665 3562 852 3628; x_wconf 84' lang='lat' dir='ltr'>sanctitatem,</span> <span class='ocrx_word' id='word_1_315' title='bbox 877 3578 931 3613; x_wconf 88' lang='lat' dir='ltr'>non</span> <span class='ocrx_word' id='word_1_316' title='bbox 955 3559 1110 3611; x_wconf 87' lang='lat' dir='ltr'>mirandum</span> <span class='ocrx_word' id='word_1_317' title='bbox 1138 3560 1179 3607; x_wconf 88' lang='lat' dir='ltr'>cst</span> <span class='ocrx_word' id='word_1_318' title='bbox 1203 3554 1263 3607; x_wconf 87' lang='lat' dir='ltr'>alia</span> 
     </span>
     <span class='ocr_line' id='line_1_37' title="bbox 231 3647 1262 3715; baseline 0.001 -16"><span class='ocrx_word' id='word_1_319' title='bbox 231 3649 322 3700; x_wconf 83' lang='lat' dir='ltr'>omnia</span> <span class='ocrx_word' id='word_1_320' title='bbox 341 3663 475 3715; x_wconf 86' lang='lat' dir='ltr'>apparere</span> <span class='ocrx_word' id='word_1_321' title='bbox 492 3650 519 3701; x_wconf 93' lang='lat' dir='ltr'>in</span> <span class='ocrx_word' id='word_1_322' title='bbox 538 3652 650 3704; x_wconf 85' lang='lat' dir='ltr'>exordio</span> <span class='ocrx_word' id='word_1_323' title='bbox 667 3653 751 3707; x_wconf 88' lang='lat' dir='ltr'>facta.</span> <span class='ocrx_word' id='word_1_324' title='bbox 787 3654 860 3706; x_wconf 85' lang='lat' dir='ltr'>Huic</span> <span class='ocrx_word' id='word_1_325' title='bbox 886 3653 959 3705; x_wconf 84' lang='lat' dir='ltr'>euim</span> <span class='ocrx_word' id='word_1_326' title='bbox 975 3650 1033 3702; x_wconf 87' lang='lat' dir='ltr'>sine</span> <span class='ocrx_word' id='word_1_327' title='bbox 1050 3648 1134 3701; x_wconf 89' lang='lat' dir='ltr'>dubio</span> <span class='ocrx_word' id='word_1_328' title='bbox 1150 3647 1262 3700; x_wconf 77' lang='lat' dir='ltr'>addita·</span> 
     </span>
     <span class='ocr_line' id='line_1_38' title="bbox 230 3737 1262 3815; baseline -0.001 -23"><span class='ocrx_word' id='word_1_329' title='bbox 230 3745 322 3792; x_wconf 85' lang='lat' dir='ltr'>menta</span> <span class='ocrx_word' id='word_1_330' title='bbox 340 3737 601 3806; x_wconf 81' lang='lat' dir='ltr'>quaedam&#39;adiecta</span> <span class='ocrx_word' id='word_1_331' title='bbox 618 3750 679 3798; x_wconf 88' lang='lat' dir='ltr'>suat</span> <span class='ocrx_word' id='word_1_332' title='bbox 695 3752 752 3799; x_wconf 91' lang='lat' dir='ltr'>tam</span> <span class='ocrx_word' id='word_1_333' title='bbox 769 3747 895 3815; x_wconf 78' lang='lat' dir='ltr'>longiora</span> <span class='ocrx_word' id='word_1_334' title='bbox 912 3761 993 3810; x_wconf 89' lang='lat' dir='ltr'>quam</span> <span class='ocrx_word' id='word_1_335' title='bbox 1004 3742 1143 3794; x_wconf 80' lang='lat' dir='ltr'>breviora.</span> <span class='ocrx_word' id='word_1_336' title='bbox 1167 3741 1262 3792; x_wconf 81' lang='lat' dir='ltr'>bon-</span> 
     </span>
     <span class='ocr_line' id='line_1_39' title="bbox 229 3830 1263 3904; baseline 0.002 -23"><span class='ocrx_word' id='word_1_337' title='bbox 229 3830 369 3900; x_wconf 77' lang='lat' dir='ltr'>giorum</span> <span class='ocrx_word' id='word_1_338' title='bbox 387 3833 442 3884; x_wconf 91' lang='lat' dir='ltr'>duo</span> <span class='ocrx_word' id='word_1_339' title='bbox 460 3836 500 3902; x_wconf 77' lang='lat' dir='ltr'>(a.</span> <span class='ocrx_word' id='word_1_340' title='bbox 520 3833 611 3888; x_wconf 75' lang='lat' dir='ltr'>t-S.</span> <span class='ocrx_word' id='word_1_341' title='bbox 633 3841 660 3889; x_wconf 88' lang='lat' dir='ltr'>at</span> <span class='ocrx_word' id='word_1_342' title='bbox 678 3855 705 3890; x_wconf 82' lang='lat' dir='ltr'>v.</span> <span class='ocrx_word' id='word_1_343' title='bbox 724 3837 865 3904; x_wconf 77' lang='lat' dir='ltr'>trs—66.)</span> <span class='ocrx_word' id='word_1_344' title='bbox 883 3837 1016 3889; x_wconf 86' lang='lat' dir='ltr'>debentur</span> <span class='ocrx_word' id='word_1_345' title='bbox 1026 3836 1132 3886; x_wconf 87' lang='lat' dir='ltr'>Boeoto</span> <span class='ocrx_word' id='word_1_346' title='bbox 1150 3831 1263 3898; x_wconf 78' lang='lat' dir='ltr'>artifici,</span> 
     </span>
     <span class='ocr_line' id='line_1_40' title="bbox 229 3922 1263 3996; baseline 0.004 -23"><span class='ocrx_word' id='word_1_347' title='bbox 229 3922 274 3974; x_wconf 87' lang='lat' dir='ltr'>cui</span> <span class='ocrx_word' id='word_1_348' title='bbox 291 3924 426 3977; x_wconf 84' lang='lat' dir='ltr'>Boeotiae</span> <span class='ocrx_word' id='word_1_349' title='bbox 445 3927 556 3993; x_wconf 81' lang='lat' dir='ltr'>quidam</span> <span class='ocrx_word' id='word_1_350' title='bbox 573 3929 629 3982; x_wconf 84' lang='lat' dir='ltr'>loci</span> <span class='ocrx_word' id='word_1_351' title='bbox 647 3929 720 3982; x_wconf 89' lang='lat' dir='ltr'>sacri</span> <span class='ocrx_word' id='word_1_352' title='bbox 737 3946 771 3983; x_wconf 91' lang='lat' dir='ltr'>ac</span> <span class='ocrx_word' id='word_1_353' title='bbox 788 3931 900 3982; x_wconf 89' lang='lat' dir='ltr'>numina</span> <span class='ocrx_word' id='word_1_354' title='bbox 916 3945 982 3982; x_wconf 85' lang='lat' dir='ltr'>vere</span> <span class='ocrx_word' id='word_1_355' title='bbox 999 3926 1112 3996; x_wconf 87' lang='lat' dir='ltr'>propria</span> <span class='ocrx_word' id='word_1_356' title='bbox 1129 3925 1263 3977; x_wconf 84' lang='lat' dir='ltr'>Boeotiae</span> 
     </span>
     <span class='ocr_line' id='line_1_41' title="bbox 229 4015 1263 4090; baseline 0.003 -21"><span class='ocrx_word' id='word_1_357' title='bbox 229 4015 380 4069; x_wconf 85' lang='lat' dir='ltr'>adiicienda</span> <span class='ocrx_word' id='word_1_358' title='bbox 388 4018 624 4086; x_wconf 83' lang='lat' dir='ltr'>essevidebantur,</span> <span class='ocrx_word' id='word_1_359' title='bbox 636 4039 672 4074; x_wconf 87' lang='lat' dir='ltr'>ne</span> <span class='ocrx_word' id='word_1_360' title='bbox 680 4021 777 4074; x_wconf 89' lang='lat' dir='ltr'>iniuria</span> <span class='ocrx_word' id='word_1_361' title='bbox 790 4022 898 4090; x_wconf 90' lang='lat' dir='ltr'>patriae</span> <span class='ocrx_word' id='word_1_362' title='bbox 909 4021 1005 4083; x_wconf 79' lang='lat' dir='ltr'>tieret3</span> <span class='ocrx_word' id='word_1_363' title='bbox 1022 4019 1133 4074; x_wconf 87' lang='lat' dir='ltr'>tertiam</span> <span class='ocrx_word' id='word_1_364' title='bbox 1146 4019 1187 4087; x_wconf 85' lang='lat' dir='ltr'>(v.</span> <span class='ocrx_word' id='word_1_365' title='bbox 1202 4016 1263 4086; x_wconf 77' lang='grc'>46.)</span> 
     </span>
     <span class='ocr_line' id='line_1_42' title="bbox 211 4107 1263 4182; baseline 0.003 -23"><span class='ocrx_word' id='word_1_366' title='bbox 211 4147 213 4150; x_wconf 82' lang='lat'>.</span> <span class='ocrx_word' id='word_1_367' title='bbox 227 4107 317 4178; x_wconf 86' lang='lat' dir='ltr'>inepte</span> <span class='ocrx_word' id='word_1_368' title='bbox 335 4129 368 4164; x_wconf 84' lang='lat' dir='ltr'>ex</span> <span class='ocrx_word' id='word_1_369' title='bbox 386 4129 412 4167; x_wconf 84' lang='lat' dir='ltr'>r.</span> <span class='ocrx_word' id='word_1_370' title='bbox 426 4110 486 4165; x_wconf 88' lang='lat'>111.</span> <span class='ocrx_word' id='word_1_371' title='bbox 501 4120 541 4168; x_wconf 88' lang='lat' dir='ltr'>est</span> <span class='ocrx_word' id='word_1_372' title='bbox 551 4113 713 4182; x_wconf 82' lang='lat' dir='ltr'>repetitum3</span> <span class='ocrx_word' id='word_1_373' title='bbox 732 4116 766 4168; x_wconf 89' lang='lat' dir='ltr'>de</span> <span class='ocrx_word' id='word_1_374' title='bbox 780 4120 877 4182; x_wconf 86' lang='lat' dir='ltr'>quarta</span> <span class='ocrx_word' id='word_1_375' title='bbox 886 4112 1095 4181; x_wconf 80' lang='lat' dir='ltr'>interpolatione</span> <span class='ocrx_word' id='word_1_376' title='bbox 1110 4129 1209 4167; x_wconf 83' lang='lat' dir='ltr'>versos</span> <span class='ocrx_word' id='word_1_377' title='bbox 1221 4112 1263 4164; x_wconf 73' lang='lat'>12.</span> 
     </span>
    </p>
   </div>
   <div class='ocr_carea' id='block_1_5' title="bbox 0 0 1341 4684">
    <p class='ocr_par' dir='ltr' id='par_1_5' title="bbox 0 0 1341 4684">
     <span class='ocr_line' id='line_1_43' title="bbox 0 0 1341 4684; baseline 0 0"><span class='ocrx_word' id='word_1_378' title='bbox 0 0 1341 4684; x_wconf 95' lang='lat' dir='ltr'> </span> 
     </span>
    </p>
   </div>
  </div>
 </body>
</html>
