2642 4684
210 274 297 320 laX'

281 410 390 479 λουίρίο
414 409 512 478 τῇσιν,
543 408 615 476 qnod
631 412 660 460 ta
678 405 746 460 olim
769 404 876 458 edidisti
893 419 945 472 pro
968 402 1046 474 ιῇιι,
1071 418 1241 486 qumquam

153 501 156 510 '
213 502 338 556 excidere
356 501 489 569 quaedam
507 505 651 568 potuerunt
668 503 731 552 ante
756 493 931 567 φιλομειδής.
965 497 1115 566 Vulgatum
1138 513 1243 566 προσι-

211 596 301 650 δοιλσα
319 594 527 662 praeferendum
547 594 653 646 ridetur
671 591 752 646 alteri
769 591 941 661 προϊδοῦσα,
969 590 1015 641 cui
1031 589 1176 643 tribuenda
1192 592 1244 642 vel

211 689 288 742 baud
313 688 380 739 satis
405 684 517 750 antiqua
535 689 655 750 μολοισοε
673 683 903 752 providendi,
925 697 997 748 quae
1014 681 1059 733 bin
1075 681 1169 735 verbis
1184 699 1243 734 non

212 780 346 843 convenit,
364 780 411 830 rel
428 795 443 828 e
461 776 656 844 longinquo
676 774 936 844 prospiciendi,
953 791 1006 826 non
1023 773 1114 842 magia
1132 773 1241 826 idonea.

212 873 243 926 ln
266 868 439 940 ιιροσιδοῦσα
462 867 588 938 intelligo
611 869 820 936 pulcritudinem
844 866 927 918 triam
949 865 1065 917 istarum
1090 865 1241 934 virginum,

212 979 296 1031 quam
321 959 473 1027 adspiciens
495 961 555 1011 Dea
572 977 605 1012 eo
623 960 714 1030 magis
729 977 761 1012 ιο
783 961 939 1028 neglectam
956 975 1016 1010 οιιο
1033 959 1070 1012 ab
1090 960 1243 1026 Tyndareo

213 1055 416 1124 indignabatur.

282 1149 439 1214 Sequuntur
468 1144 622 1212 turpissime
648 1148 789 1212 corrupta,
817 1145 851 1196 de
868 1161 983 1211 quornm
999 1150 1091 1196 tamen
1109 1145 1242 1196 emenda·

213 1241 286 1296 tiana
305 1255 356 1292 non
376 1237 584 1304 desperandum,
601 1237 730 1305 qnoniam
747 1242 870 1288 tenemus
888 1239 1090 1305 liebertum,
1109 1239 1241 1291 latentem

213 1335 240 1388 in
259 1349 361 1400 εχετον.
395 1331 497 1383 Totum
514 1328 700 1397 fragmentum
718 1345 771 1397 ago
787 1328 828 1380 sie
845 1328 1044 1380 constituerim:

519 1421 599 1491 τῇσιν
617 1416 648 1474 δὲ
668 1418 852 1489 φιλομμειδὴς
867 1416 1013 1490 ’Λφροδίτη

317 1509 430 1586 ἡνᾶσδη
448 1515 631 1583 προσιδοτῖοα,
651 1510 741 1581 ιιαιιὴν
758 1511 789 1566 δέ
807 1505 853 1580 σφ’
872 1511 972 1582 ἔμβαλε
989 1508 1096 1582 φήμην.

320 1607 464 1679 Τιμάνδρη
481 1605 532 1674 μίν
549 1602 632 1661 ἔπειτ’
645 1599 764 1672 ’Ἑχιμον
780 1601 945 1676 αρολιιιοιῖσ’
963 1603 1098 1676 ἐβεβήκει,

318 1701 392 1754 ἵκετο
410 1693 434 1752 δ’
454 1699 494 1758 τίς
513 1701 618 1766 Φυλῆα,
638 1700 721 1765 φίλον
737 1697 892 1771 μακάρεσσι
906 1702 1009 1753 θεοῖσι.

316 1789 367 1854 Ὣς
384 1789 416 1846 di
432 1788 665 1860 Κλυταιμνήστρη
681 1787 845 1862 agelranni&
861 1790 1046 1861 Ἀγαμέμνονα
1062 1792 1125 1846 δίον

316 1885 439 1954 Αἰγίσθῳ
459 1880 610 1954 παρέλεκτο
628 1882 676 1937 καί
692 1883 779 1939 είλετο
796 1887 909 1956 χείρονα
924 1869 1029 1953 κοίτην,

268 2015 272 2019 -
319 1972 367 2032 ‹tt’
384 1972 478 2043 Ἑλίνη
495 1971 596 2047 ᾔσχυνε
615 1974 692 2045 λέχος
709 1979 819 2044 ξανθοῦ
838 1975 995 2032 Μενελάου.

283 2074 314 2125 ln
337 2069 480 2139 postremis
503 2075 649 2136 propterea
672 2065 722 2124 ὅδ’
745 2068 839 2139 Ἑλένη
862 2071 967 2138 recipio
990 2087 1041 2138 pro
1062 2072 1139 2140 vulg.
1158 2065 1245 2130 eisrl'

213 2163 317 2233 Ἑλένη,
328 2163 399 2232 quod
413 2159 445 2215 δέ
458 2161 486 2212 in
500 2156 537 2224 nic
544 2160 574 2215 dl
581 2165 666 2216 Klnr.
678 2164 824 2231 respondet
830 2163 997 2232 praegressis
1007 2160 1153 2233 Τιμάνδρη
1162 2183 1186 2230 μ
1197 2161 1244 2217 ἑν.
1314 2154 1315 2159 “

214 2258 370 2314 sententian
387 2255 481 2308 sicut
498 2260 612 2308 autem
627 2257 956 2325 Clytaemnestra-
970 2257 1020 2308 ita
1033 2257 1173 2309 llelena
1189 2263 1244 2310 eet.

284 2353 411 2404 Ceterum
434 2347 567 2400 restitutio
591 2349 731 2402 nominum
752 2349 935 2414 Timandrae,
960 2349 1076 2402 Eebemi
1094 2354 1122 2401 et
1138 2349 1246 2420 Phylei

216 2445 308 2498 nititur
325 2443 416 2496 verbis
427 2439 571 2498 ,Eustatbii
582 2443 618 2493 ad
635 2441 713 2495 lliad.
728 2444 759 2492 Β.
775 2439 842 2491 ulo:
862 2440 969 2503 Φυλεύι
984 2438 1045 2512 γάρ,
1063 2442 1159 2510 φασίν,
1176 2461 1246 2509 μοι·

215 2533 317 2604 κτίσας
342 2530 504 2602 Τιμάνδραν
528 2529 655 2599 ἀδελφὴν
675 2529 786 2601 Ἑλένης
809 2528 953 2600 ἀπήγαγεν
979 2531 1006 2596 ἐς
1029 2531 1063 2590 τὸ
1081 2535 1246 2609 Δουλίχιον.

216 2628 271 2682 llic
287 2631 379 2678 autam
397 2625 535 2692 Phyleus,
558 2625 680 2678 llesiodo
697 2625 784 2679 dictus
801 2627 883 2694 φίλοι
898 2613 1052 2698 μανιίρεσοι
1067 2631 1177 2691 θεοῖσι,
1210 2630 1246 2681 ab

216 2721 339 2772 Homero
365 2717 384 2768 l.
401 2717 420 2768 l.
440 2733 481 2768 vs.
507 2713 568 2769 628.
593 2725 707 2771 vocatur
728 2718 778 2773 Διί
802 2720 890 2786 φίλος.
926 2721 1106 2773 Timandram
1129 2725 1247 2787 nuptam

216 2809 302 2864 laima
313 2808 590 2872 Ecberno‚dreadnm
598 2811 668 2880 regi,
681 2811 749 2864 satis
761 2818 854 2865 notum
862 2819 942 2867 ester
950 2811 1204 2878 Pausaniallllbb,
1212 2812 1245 2864 λι

217 2904 349 2971 φαίνοιτο
367 2900 393 2954 δ’
410 2893 446 2953 ἂν
463 2902 503 2972 τῷ
520 2897 626 2973 derigo>
643 2903 701 2956 τῶν
717 2900 807 2970 λόγων
823 2905 872 2958 καί
892 2903 1040 2975 Τιμάνδρα
1050 2902 1247 2972 συνοικήσασα

215 2992 234 3064 ἡ
264 2991 416 3062 Τυνδάρεω
435 2993 475 3064 τῷ
500 2989 815 3051 decantaremus
839 2997 951 3070 Ἐχέμῳ.
986 3001 1028 3052 Ex
1054 3000 1131 3052 euius
1147 3000 1248 3052 verbis

217 3091 301 3151 recte,
318 3091 347 3137 ut
364 3103 453 3168 spero,
472 3086 573 3156 colligo
590 3089 682 3141 locum
699 3081 813 3142 Hesiodi
839 3091 924 3144 fuisse
941 3093 1044 3145 fontem
1061 3092 1138 3143 iatius
1153 3092 1248 3144 tradi-

217 3179 312 3242 tionis,
335 3193 416 3244 quam
433 3196 517 3244 quum
533 3185 615 3246 poeta
631 3181 672 3232 sic
694 3182 845 3249 retulisset,
868 3191 899 3238 ut
922 3187 1053 3238 incertum
1074 3183 1248 3248 relinqueret

217 3273 359 3324 cuiusnam
376 3269 493 3322 Eebcmi
515 3269 585 3322 inter
609 3273 703 3338 plnres
727 3275 850 3328 eiusdem
872 3277 989 3330 nominis
1006 3275 1156 3329 Timandra
1173 3292 1247 3327 uxor

216 3364 320 3428 frnbset,
337 3381 407 3416 nunc
426 3362 588 3430 comparatis
613 3365 718 3416 duabus
740 3368 944 3431 traditionibus,
967 3372 1132 3435 receptaque
1149 3372 1247 3434 ponte-

216 3457 299 3520 riore,
315 3457 466 3510 Pausanias
483 3455 568 3508 fnisse
586 3457 695 3510 conficit
710 3460 873 3524 Echemum,
891 3475 986 3528 regem
1004 3459 1147 3528 Arcadiae,
1164 3460 1247 3527 llylli

217 3548 429 3600 interfectorem.
470 3547 501 3601 Si
530 3550 603 3602 enim
631 3553 798 3626 Heraclidae
826 3552 969 3605 rediissent
991 3559 1123 3622 regnante
1146 3551 1245 3604 Oreste

217 3640 262 3707 (ut
287 3638 362 3705 prins
385 3645 545 3691 narraverat
562 3642 583 3705 l,
600 3639 644 3708 lt,
660 3641 712 3708 2),
735 3662 787 3695 non
812 3644 893 3695 buius
915 3647 1033 3698 Eebemi
1056 3645 1176 3712 potuisse
1192 3643 1245 3696 Τί-

218 3729 363 3783 mandram
381 3730 525 3798 eoniugem
542 3749 617 3797 esre,
640 3735 689 3786 sed
711 3735 824 3788 iunioris
847 3736 988 3789 cuiusdam
1010 3739 1142 3803 Ecbemi,
1167 3737 1247 3788 cuius

217 3825 311 3875 tamen
327 3819 406 3871 uxori
422 3824 547 3888 vetulae,
572 3826 672 3893 quippe
690 3832 854 3880 materterae
872 3829 985 3895 Orestis,
1007 3835 1112 3886 nullum
1135 3830 1246 3898 pericu-

218 3917 278 3967 lnru
294 3912 392 3965 fuisset
409 3914 444 3965 nb
464 3918 591 3969 moeebo.
625 3920 719 3985 Haec,
743 3919 796 3972 nini
814 3919 911 3985 fallor,
936 3929 978 3976 est
994 3925 1126 3979 sententia
1143 3923 1246 3975 verbo-

219 4021 280 4058 rum
299 4003 470 4068 Pausaniae,
491 4023 565 4074 quae
581 4012 664 4076 paulo
682 4011 841 4066 obscuriora
864 4021 942 4084 sunt,
963 4020 1092 4084 necdum,
1115 4018 1246 4083 quantam

221 4098 343 4164 memini,
360 4097 504 4165 explicata.
