2642 4684
229 261 336 319 um

230 410 284 478 λολ
302 401 474 494 γεγόνασιν
494 401 599 487 ἕτεροι
619 396 784 488 ζηλωτοῦ
802 401 944 466 παλαιοῦ
962 400 1025 485 τὴν
1042 403 1156 486 κλῆσιν
1170 401 1260 486 λαμ.

232 510 407 590 δύνοντες·
445 503 500 569 καί
530 503 594 586 γὰρ
621 499 678 566 καί
703 505 765 565 τού
793 497 933 574 Φωκέως
958 492 1108 582 Ὁμήρου
1131 499 1257 565 τούτου

233 600 343 683 ἔτερος
371 603 506 682 ύπάρχει
532 599 688 680 νεώτερος
717 594 878 678 Ὅμηρος.
919 586 1017 671 οὗτος
1050 596 1070 661 6
1100 598 1259 679 νεώτερος

223 695 371 784 Ὅμηρος
389 691 432 781 ἦν
451 701 527 772 παῖς
541 693 766 778 Ἀνδρομάχου
788 700 834 776 τῷ
852 692 938 776 γένει
958 694 1137 778 Βυζάντιος
1156 695 1177 759 6
1195 695 1260 778 τὴν

181 801 202 866 5
233 797 465 879 Εύρνπύλειαν
483 794 628 876 ποιήσας.
672 793 732 856 τδν
749 789 889 857 παλαιόν
908 785 945 853 δέ
962 783 1113 871 Ὅμηρον
1132 793 1256 856 Διονύ·

234 907 305 969 σιος
323 893 343 958 ό
363 891 592 973 κυκλογράφος
612 887 713 972 φησίν
732 887 782 953 ἐπ’
803 886 996 970 άμφοτέρων
1014 886 1171 970 ὑπάρχειν
1188 891 1258 954 τῶν

236 991 413 1072 Θηβαϊκῶν
433 988 608 1070 στρατειῶν
627 985 684 1050 καί
702 990 760 1070 τῆς
776 983 873 1050 Ἰλίου
893 983 1050 1060 άλώσεως.
1079 982 1115 1048 έιι
1134 985 1258 1051 τούτου

233 1079 296 1152 ούν
323 1087 490 1169 λογίζομαι
517 1089 639 1147 τούτου
664 1088 727 1171 τού
747 1074 909 1146 Ἡσιόδου
935 1076 1018 1146 εἶναι
1036 1084 1257 1160 τετρακοσίων

233 1181 315 1248 δτῶυ
333 1179 595 1264 προγενέστερον.
620 1173 837 1261 Ἀριστοτέλης
849 1178 912 1261 γὰρ
928 1178 948 1242 6
966 1179 1167 1261 φιλόσοφος,
1180 1185 1259 1262 μάλ

182 1281 294 1346 loom
313 1277 349 1344 δὲ
368 1273 460 1358 οἶμαι
480 1278 499 1344 6
519 1271 597 1352 τοὺς
616 1275 758 1352 πέπλους
776 1275 951 1354 συντάξας,
977 1272 1014 1340 έν
1037 1283 1078 1358 τῇ
1102 1272 1258 1358 Ὀρχομε-

133 1366 137 1374 ’
233 1376 316 1442 νίων
348 1375 492 1458 πολιτεία
519 1374 724 1456 Στησίχορον
748 1373 807 1444 τδν,
832 1372 1007 1454 μελοποιόν
1037 1367 1121 1438 soal
1150 1388 1255 1458 φησιν

233 1472 311 1537 υίὸν
334 1465 492 1538 Ἡσιόδου
520 1470 556 1536 έκ
577 1475 640 1554 ’τῆς
669 1468 841 1552 Κλυμένης
866 1470 954 1551 αύτῷ
980 1470 1184 1553 γεννηθέντα
1203 1475 1260 1557 τῆς

228 1563 459 1653 Ἂμφιφάνους
478 1567 534 1633 καί
554 1568 766 1647 Γανύκτορος
781 1567 934 1651 ἀδελφῆς,
953 1569 1120 1649 θυγατρὸς
1137 1567 1176 1632 δέ
1191 1572 1257 1654 Φη-

233 1665 324 1748 γέως.
366 1667 386 1732 6
414 1666 451 1730 δὲ
470 1663 671 1746 Στησίχορος
691 1653 787 1738 οὗτος
806 1663 987 1746 σύγχρονος
1005 1657 1048 1746 ἦν
1069 1667 1258 1753 Πυθαγόρη

182 1757 279 1844 15τῷ
300 1763 471 1849 φιλοσόφῳ
489 1759 544 1826 καί
563 1763 609 1845 τῷ
637 1759 875 1844 Ἀκραγαντίνην
897 1760 1064 1842 Φαλάριδι
1099 1755 1257 1829 ’Λστυπα-

233 1851 342 1936 λαιεύς
363 1861 392 1923 δ’
413 1851 456 1941 ἦν
475 1865 520 1939 τῷ
540 1855 625 1938 γένει
646 1857 666 1922 6
687 1859 848 1937 Φάλαρις,
879 1856 923 1934 ὡς
943 1858 1042 1934 αύτός
1068 1873 1175 1942 φησιν
1195 1860 1258 1926 ἐπι-

234 1960 362 2031 στολαῖς
382 1960 453 2031 ταῖς
478 1955 599 2034 αύτού,
627 1955 790 2035 τύραννος
810 1954 847 2019 δὲ
868 1950 1138 2035 Ἀκραγαντίνων.
1177 1953 1257 2041 Ἐγὼ

234 2050 270 2120 δὲ
298 2053 359 2116 ούκ
390 2051 728 2134 άιιριβολογησάμενος
757 2044 1020 2132 Ἀκραγαντῖνον
1054 2051 1192 2120 ἐκάλεσα
1218 2064 1257 2140 τῇ

233 2155 330 2233 κοινῇ
359 2150 518 2234 συνηθείᾳ
545 2149 725 2232 χρώμενος·
762 2147 785 2231 η
816 2145 852 2212 δὲ
875 2145 1063 2230 Ἀστυπάλη
1089 2149 1186 2227 πόλις
1203 2157 1257 2237 τῆς

180 2246 354 2326 ΩΟΣάμου
375 2241 472 2310 ἐστίν.
514 2245 547 2310 ol
572 2246 608 2312 δὲ
630 2239 778 2328 Ὀμήρου
806 2244 1024 2326 τετρακοσίοις
1050 2243 1258 2327 ὑστερίζοντα

171 2414 172 2420 ¹
231 2343 323 2423 ἔτεσι,
343 2343 431 2409 καθά
444 2356 525 2427 φησι
537 2343 593 2407 καί
608 2336 795 2423 Ἡρόδοτος.
822 2342 1048 2424 συνεγράψατο
1065 2341 1099 2406 δὲ
1114 2342 1132 2406 ό
1149 2353 1258 2412 τοιού-

232 2463 288 2516 τος
302 2433 454 2516 Ἠσίοδος
469 2442 605 2522 βίβλους
618 2437 798 2519 ἑκκαίδεκα,
809 2433 956 2521 ’Όμηρος
971 2437 1005 2503 δὲ
1022 2438 1041 2502 6
1053 2441 1195 2518 παλαιός
1210 2439 1258 2527 ιγ’.

232 2540 363 2620 τελευτᾷ
385 2535 420 2601 δὲ
440 2529 625 2611 όἩσίοδος
652 2533 688 2599 ἐν
707 2534 845 2615 Λοκρίδι
870 2536 1138 2616 τοιουτοτρόπως.
1182 2541 1259 2621 μετὰ

232 2631 294 2720 τὴν
321 2633 416 2718 νίκην
442 2634 486 2715 ἣν
513 2632 615 2696 αύτδυ
642 2629 847 2711 νενικηκέναι
874 2629 976 2713 φασὶν
995 2629 1047 2698 ἐπὶ
1066 2641 1107 2716 τη]
1125 2640 1258 2721 τελευτῇ

181 2723 503 2812 γ5Ἀμφιδάμαντος
523 2729 568 2804 είς
588 2721 742 2810 Δελφοὺς
762 2727 941 2815 ἐπορεύθη,
973 2729 1028 2794 καί
1049 2728 1153 2816 ἐδόθη
1174 2736 1259 2823 αύτῷ

233 2825 346 2892 ούτοσί
365 2826 385 2894 6
404 2826 566 2910 χρησμός·

293 2940 404 3021 ὄλβιος
425 2927 522 3015 οὗτος
543 2935 626 3021 ἀνὴρ
649 2933 686 3014 ὃς
706 2934 785 3019 έμδν
805 2936 910 3019 δόμον
930 2935 1156 3020 ύμφιπολεύει,

288 3029 451 3116 Ἡσίοδος,
472 3036 628 3118 Μούσῃσι
647 3033 809 3116 τετιμένος
828 3033 1029 3115 άδανάτησι·

290 3138 352 3198 τού
373 3133 414 3216 δι]
433 3155 485 3198 τοι
505 3131 595 3209 κλέος
615 3131 703 3196 ἔσται
722 3129 802 3196 ὅσον
822 3132 849 3194 τ’
870 3127 1071 3196 ἐπικίδναται
1085 3123 1179 3210 Ἠώς.

237 3321 440 3334 ffl-

298 3442 331 3492 V.
353 3443 377 3494 1.
394 3437 574 3503 παλαιού]
594 3437 637 3490 Sic
656 3440 717 3491 Vot.
752 3440 839 3506 Vulgo
856 3436 956 3493 πάλαι.

298 3510 333 3559 V.
352 3509 378 3561 δ.
397 3503 580 3576 Εύρυπαλίαν
595 3507 654 3558 Vat.

298 3575 332 3624 V.
350 3577 375 3626 8.
393 3577 458 3631 τού
474 3569 656 3642 Ἡσιόδου]
677 3575 721 3626 Sic
737 3577 798 3628 Vat.
834 3575 920 3641 Vulgo
939 3569 990 3626 τδν
1004 3567 1143 3626 Ἡσίοδον.

297 3643 332 3692 V.
351 3642 375 3692 9.
394 3639 707 3712 προγενέστερον]
726 3643 843 3693 SioVot.
879 3643 967 3708 Vulgo
984 3657 1079 3708 μεναγ.

298 3707 331 3758 V.
350 3710 391 3759 12.
408 3709 612 3775 Κλυμένης]
639 3721 680 3760 est
699 3709 902 3780 wyttenbachii
928 3710 1091 3771 emendati03
1113 3723 1143 3768 τ.
1165 3706 1259 3758 Schol

231 3773 264 3826 ael
278 3778 356 3893 Οηετ.
371 3777 431 3829 269.
467 3775 551 3842 Vulgo
569 3773 725 3846 Κτημὲνης.

323 3844 390 3894 ,lo
420 3838 596 3913 άδελφῆς]
637 3847 697 3897 Vat.
723 3841 860 3911 άδελφού.
883 3874 917 3885 -
963 3841 1122 3914 Φηγέως]
1146 3839 1261 3908 Φσγέως

230 3910 290 3962 Vnt.
309 3911 405 3972 Tann,
434 3909 545 3979 Θησέως
562 3915 665 3980 Νεεμ,
692 3910 805 3977 Φυσέως
823 3913 907 3965 Ρείεε.
926 3913 1030 3964 emend.
1048 3931 1092 3981 ερ.
1109 3911 1260 3963 Heumann.

231 3978 344 4032 Aristot.
357 3979 437 4030 Polit.
452 3981 546 4046 fragm.
561 3999 588 4047 p.
605 3981 664 4033 144.

301 4048 336 4102 V·
353 4049 397 4101 20.
416 4044 683 4120 ύστερίζοντα]
701 4048 746 4100 sio
763 4049 826 4103 Vnt.
862 4049 950 4116 Volgo
966 4043 1120 4118 ύατέριζον.
