2642 4684
1041 269 1103 332 ¹cru

72 405 122 460 dixi
139 419 235 473 snpra.
271 403 369 458 liutet
391 404 484 471 quinto
502 405 543 472 (r.
565 401 618 456 1⁰5
632 431 665 440 —
681 403 758 470 115.)
782 421 800 458 τ
824 407 964 474 rhapeedo
981 407 1103 474 quoda-

74 499 197 568 profecte
216 513 267 564 pro
285 513 326 549 rs.
345 493 380 544 11
396 523 426 534 -
443 493 486 546 21.
521 495 563 548 Ex
589 495 632 547 his
650 502 767 564 apparet
788 515 833 550 noe
858 499 894 550 ah
917 515 952 552 ea
975 498 1103 566 opinione

72 594 102 645 da
118 596 229 659 septem
255 587 360 641 exordii
385 586 603 651 recensionibus,
628 605 712 655 quem
728 589 763 642 G.
780 592 956 644 Hermanno·
972 592 1000 643 in
1018 607 1102 661 saga·

70 684 179 739 einim
189 683 228 734 ed
242 683 358 749 hymnos
365 681 528 734 Homericos
542 681 713 751 preeletione
727 683 795 736 olim
812 684 944 750 expomit,
957 700 1028 736 nnnc
1042 683 1101 740 fere

69 775 202 838 descisse,
238 789 394 840 quanquam
424 773 493 825 illud
517 775 690 826 Hermaunus
714 776 911 828 demonstravit
939 777 1100 843 luculenter,

67 868 262 934 interpolatam
281 865 373 918 moltis
391 849 460 918 locis
477 881 538 918 esse
556 866 738 933 prooemium.
773 866 841 918 Eius
863 876 954 920 autem
980 870 1101 936 interpo-

70 959 177 1012 lationis
200 958 254 1008 duo
279 963 340 1010 sunt
365 958 492 1024 exempla
514 957 684 1010 breviora
703 958 883 1032 ,gravissima
918 960 1042 1012 Alterum
1059 966 1101 1012 est
1152 991 1156 998 -

70 1052 94 1104 in
110 1051 165 1102 ista
183 1049 300 1102 Hesiodi
318 1065 368 1114 per
386 1049 480 1102 Musas
503 1051 727 1116 compellatione,
752 1067 823 1119 quae
840 1051 980 1118 Apollonii
997 1051 1101 1105 Rhodii

69 1149 190 1210 tempere
209 1142 347 1209 eliquanto
366 1140 476 1193 uberior
493 1140 577 1192 fuisse
603 1141 724 1194 videtur:
760 1159 825 1195 nam
842 1142 888 1202 ¹itu
911 1144 1098 1198 scholiastae

70 1229 249 1298 ’Λιτολλοίτιος
271 1232 302 1288 δὲ
326 1229 342 1286 ὁ
365 1229 471 1295 Ῥόδιος
494 1234 599 1312 λείπειν
622 1233 673 1288 τὸν
695 1235 808 1304 πρῶτον
824 1235 918 1303 στίχοι
937 1238 1038 1303 φησίν·
1063 1233 1099 1292 στ’

70 1329 153 1382 trizen
170 1325 213 1390 di,
233 1320 291 1380 ἀλλ’
309 1324 380 1380 ἔστι·
405 1322 536 1392 ποιμένες
553 1345 577 1378 u.
596 1345 620 1380 τ.
638 1331 680 1389 l.;
703 1328 865 1380 sententiam
887 1329 1024 1395 Apollonii
1046 1345 1100 1383 oon

72 1426 139 1472 recte
166 1419 335 1472 intellectum
358 1435 417 1471 esse
441 1433 458 1468 a
475 1419 632 1470 Scholiasta
649 1417 717 1471 setis
741 1436 773 1470 eo
797 1421 1002 1487 comprobetur,
1027 1421 1099 1487 qnod

73 1511 208 1582 cognitum
225 1509 369 1578 Apollonio
391 1509 478 1562 fuisse
501 1525 610 1560 versum
628 1507 671 1560 26.
696 1510 846 1564 ostenditur
870 1511 928 1566 eins
946 1510 1097 1569 imitatione

75 1600 132 1658 olor
149 1601 285 1656 adverbii.
309 1601 356 1654 Sic
373 1601 445 1652 enim
463 1600 510 1652 ille
527 1600 627 1669 Argon.
646 1602 695 1665 lll,
711 1600 796 1652 1109:

167 1688 228 1748 ἀλλ’
245 1689 307 1747 οἷον
325 1690 395 1762 τόση
411 1689 463 1761 pte
482 1689 558 1761 ἐμοῦ,
576 1688 618 1748 ὅτ’
635 1689 747 1749 'Iolaia
762 1693 851 1762 ἵκηαι,

166 1805 269 1855 proso,

73 1882 136 1948 quod
159 1881 219 1932 sine
244 1879 355 1946 entique
380 1885 491 1932 auctore
509 1897 562 1932 non
579 1880 664 1932 hrisse
681 1897 809 1934 eusnmm
827 1882 1000 1950 Apollonium
1020 1890 1094 1951 puto.

72 1976 121 2028 Sed
143 1972 257 2042 gravius
281 1972 363 2024 etiem
387 1972 456 2024 illud
479 1977 534 2038 est,
557 1974 628 2039 quod
652 1975 726 2026 idem
741 1975 910 2028 scholiastes
931 1971 1036 2028 monuit
1059 1978 1096 2028 ad

72 2086 94 2118 r.
110 2064 158 2117 28:
177 2060 317 2138 γράφεται
328 2063 358 2118 di
370 2061 547 2133 γηρύσασθαι
561 2059 623 2128 ἀντὶ,
642 2067 695 2120 τοῦ
708 2066 806 2132 εἰπεῖν,
827 2068 899 2133 quod
917 2075 1026 2133 praeter
1037 2070 1059 2118 V
1070 2081 1095 2128 1.

12 2133 13 2170 i
71 2158 375 2222 nulluscodexpreehet.
393 2157 515 2208 Alterum
522 2157 656 2210 brevioris
667 2159 882 2225 interpolationis
894 2162 1097 2226 exemplumaet

72 2250 96 2302 iu
110 2253 171 2303 loco
188 2249 376 2312 memorabili,
394 2248 439 2314 qui
456 2251 596 2302 uberiores
613 2266 710 2317 regum
727 2251 822 2302 lendes
840 2250 1019 2317 persequitur.
1054 2251 1096 2303 lbi

12 2375 13 2396 ;
71 2361 96 2394 v.
113 2341 153 2396 91.
172 2358 224 2410 pro
243 2335 299 2394 uisci
318 2337 397 2404 ἅστο,
416 2335 485 2407 quse
503 2346 545 2392 est
561 2341 683 2393 omnium
700 2342 824 2393 codicum
836 2342 926 2405 lectio,
943 2343 1036 2394 Schol.
1052 2355 1096 2411 γγ.

13 2471 15 2486 .
72 2428 110 2486 ἄν’
127 2431 231 2501 ἀγῶνα.
268 2434 329 2485 Hoc
348 2433 395 2499 qui
406 2431 475 2502 legit
486 2432 642 2486 Scholiasta
653 2434 705 2500 (ad
717 2433 902 2497 Iluauxw,
915 2433 939 2485 1.
953 2452 981 2501 p.
997 2432 1057 2486 521.
1069 2449 1095 2487 τι.

72 2527 196 2594 Bebberi)
221 2525 261 2578 nic
281 2525 471 2592 interpretetus
490 2531 546 2577 est:
572 2521 651 2597 παρὰ
671 2525 704 2585 δὲ
721 2530 854 2588 Βοιωτοῖς
872 2523 950 2593 ἅγιόν
967 2523 984 2594 ἡ
1004 2523 1095 2596 0?on&

73 2617 114 2672 rai
138 2613 190 2670 etv
221 2612 400 2686 ἀγορανόμον
428 2611 593 2689 ἀ’γοὶοοργοτ
616 2621 764 2674 καλοῦσιν·
794 2615 866 2674 ὅθεν
890 2620 938 2674 ael
956 2615 1095 2688 οἱγωτίοτο

71 2707 154 2772 θεοὺς
176 2709 312 2776 Αἰσχύλος
334 2707 486 2780 ἀγοραίους
510 2714 605 2780 (quam
629 2713 722 2780 inepta
746 2713 782 2765 sit
804 2715 875 2766 haec
899 2713 1093 2782 interpretatio,

72 2803 145 2854 docet
161 2802 293 2869 Aeschyl.
310 2802 362 2870 Ag.
380 2799 441 2853 496.
459 2803 574 2869 Blomf.)
593 2805 640 2858 nai
657 2803 799 2867 Ἡσίοδος·
834 2804 982 2875 ἐρχόμενοι
999 2803 1025 2860 d’
1049 2801 1095 2861 ἆτ’

72 2889 169 2961 ἀγῶνα.
203 2895 292 2961 Atque
309 2911 343 2946 ex
365 2895 419 2946 hoo
435 2896 541 2948 scholio
558 2897 731 2950 Muetzellius
748 2916 774 2964 p.
791 2897 852 2950 aab.
877 2901 1013 2952 concludit
1030 2894 1094 2964 „oir'

72 2982 165 3052 οἷγῶτιτ
188 3003 205 3038 a
227 2985 321 3038 multis
347 2992 381 3061 et
400 2988 521 3055 probetis
546 2991 702 3042 auctoribus
723 2989 809 3040 foisse
833 2990 862 3042 in
891 2991 1012 3044 carmine
1033 2991 1094 3046 sive

73 3080 167 3129 lectum
183 3078 241 3130 sire
259 3077 434 3145 repositum.’'
467 3080 531 3145 lpse
547 3081 689 3147 scriptoris
704 3082 790 3133 verba
807 3083 904 3148 adieci,
921 3086 994 3151 qnod
1011 3086 1094 3137 valde

74 3171 182 3222 obscure
205 3170 338 3224 sententie
363 3177 412 3222 est.
447 3172 519 3224 Mihi
540 3189 608 3224 vero
631 3175 715 3242 longe
738 3173 818 3226 aliter
846 3178 1017 3230 statuendum
1034 3194 1094 3228 esse

75 3263 180 3316 ridehrr.
217 3259 318 3328 Ἀγῶνα
343 3257 450 3330 α’γοριὶν
476 3281 536 3329 esse
553 3266 665 3318 Boeotis
686 3285 720 3318 ex
743 3269 805 3319 loco
821 3268 935 3320 Hesiodi
953 3270 1093 3319 concluse-

75 3361 137 3406 rant.
177 3355 309 3407 Pindarus
332 3357 403 3407 enim
428 3362 455 3408 et
477 3358 667 3424 inscriptiones
690 3358 837 3410 Boeoticae
861 3378 887 3410 n.
910 3357 988 3411 1583.
1014 3356 1093 3410 1584.

76 3445 142 3500 1585.
163 3445 240 3500 1586.
260 3447 336 3500 1581.
355 3447 432 3500 1625.
449 3451 541 3516 (hoec,
560 3465 715 3517 quanquam
731 3451 848 3502 recentis
865 3450 970 3511 aetatis,
986 3444 1095 3520 eipoqoir

76 3540 195 3605 praehet)
228 3556 323 3592 omnes
357 3534 454 3608 oiyoivu
478 3543 580 3594 hebent
605 3559 637 3594 ea
663 3541 872 3611 significatione,
891 3561 963 3613 quae
980 3543 1096 3598 Graecis

76 3637 111 3682 est
125 3631 311 3698 usitatissima,
328 3638 357 3685 ut
376 3634 514 3701 publicem
532 3633 685 3703 panegyrin
702 3633 856 3704 significet,
873 3655 927 3706 qun
944 3637 1096 3691 certamine

75 3724 172 3776 musice
185 3729 213 3777 et
221 3724 353 3794 gymnico
360 3726 530 3782 instituuntur
541 3724 727 3795 (Ὀλυμπικὸς
733 3723 809 3795 α’·γοὶτ
815 3732 890 3798 etc).
909 3733 970 3783 Hoc
976 3732 1000 3785 si
1011 3732 1097 3785 etiam

75 3814 115 3866 hic
131 3817 237 3881 statuis,
254 3817 370 3870 habebis
386 3835 467 3871 versu
484 3818 525 3870 bl.
544 3818 583 3872 sic
601 3822 687 3872 lecto:
714 3817 862 3890 ἐρχόμενον
879 3819 905 3877 d’
927 3817 972 3879 ἄν’
990 3819 1096 3891 oiyoioo,
1188 3865 1192 3874 .

76 3906 200 3976 rhapsodi
224 3910 476 3977 interpolationem,
502 3911 547 3978 qui
568 3913 643 3982 regis
666 3912 783 3965 alieuius
805 3912 1051 3982 ἀγωνοθετοῦντος
1067 3917 1094 3968 io

77 4001 218 4054 certamine
236 4003 419 4068 praesentiam
436 4005 540 4056 honore
558 4005 687 4071 prosequi
696 4010 788 4060 vellet.
805 4007 877 4060 Hine
888 4009 987 4076 largae
997 4023 1095 4075 regum

75 4091 161 4148 laudes
185 4095 223 4150 ad
249 4093 412 4164 capiendum
434 4095 492 4150 eins
516 4096 637 4150 enimam
659 4097 791 4166 idoneae,
821 4098 868 4166 qni
888 4098 961 4151 ludis
979 4097 1097 4165 puhlicis
