2642 4684
72 431 160 484 usque
178 415 217 468 ed
233 414 364 484 πολιτείᾳ
379 412 407 466 λιι
424 413 534 468 Tarnis
549 416 664 468 scholiis
680 430 698 469 s
712 416 888 470 lrincavello
898 413 978 468 editis
985 433 1012 484 p.
1025 416 1052 484 A,
1065 417 1108 482 λς

74 511 130 564 lam
157 509 185 562 si
206 505 414 576 comparaveris
438 521 502 560 cum
526 507 619 560 verbis
646 525 713 560 vere
737 505 887 559 Procliani·
908 507 937 560 in
961 508 1048 562 scbol.
1071 510 1107 563 all

75 601 158 668 oper.
178 598 249 666 271,
267 600 411 666 scrupulas
429 599 500 652 alius
516 598 661 654 iniicietnr.
686 597 790 653 Scribit
806 597 878 650 enim
895 598 935 649 isc
956 597 1110 672 Φιλόχορος

75 689 104 746 δὲ
120 687 302 762 Στησίχορόν
319 705 389 759 φησι
406 687 458 748 cdv
475 688 532 746 eisd
552 691 704 761 Κλυμένης.
737 692 815 756 ldem
838 707 905 743 vero
921 689 1053 760 Proculus
1070 694 1106 747 sd

75 786 123 854 Op.
148 783 214 836 631.
238 783 291 844 ita:
324 777 395 837 ὅθεν
426 783 474 838 καλ
500 781 551 839 τὸν
576 783 649 838 θεὸν
676 779 867 852 Ὀρχομενίοις
892 771 1045 852 eporedias
1068 779 1106 840 rei

74 873 208 932 Ἡσιόδου
227 875 348 944 λείψανα
366 877 461 945 λαβεῖν
476 875 524 930 καὶ
541 875 640 944 θάψαι
661 869 728 946 παρ’
746 872 853 940 αὐτοῖς,
870 872 908 935 οἷς
926 874 974 928 κοιλ
990 873 1104 948 Ἀριστο-

75 968 152 1038 rdine
177 967 250 1036 φησὶ
273 965 392 1039 γράφων
415 965 469 1037 τὴν
492 967 678 1040 Ὀρχομενίων
700 968 852 1021 πολιτείαν.
893 969 979 1035 Atque
1004 969 1106 1024 similia

76 1061 253 1116 Aristotelem
279 1061 312 1113 de
334 1061 455 1114 Hesiodo
476 1061 621 1114 tradidisse
643 1062 671 1114 in
694 1060 837 1128 republica
859 1059 1105 1116 Orchomeniornm

77 1153 200 1208 concludi
220 1152 303 1205 ctiam
321 1171 355 1206 ex
372 1153 452 1206 Prov.
472 1154 606 1207 Vaticanis
623 1153 668 1218 lv,
684 1153 710 1204 3.
727 1158 825 1220 potest,
843 1168 913 1220 quae
931 1168 1015 1222 supra
1032 1155 1103 1207 alls-

76 1247 212 1320 pavimns.
246 1245 307 1297 lam
323 1261 389 1298 vero
408 1246 454 1313 qui
470 1245 523 1298 ista
541 1240 636 1310 verbe,
647 1247 753 1314 μᾶλλον
766 1244 807 1309 δι’,
824 1241 912 1312 οἶμαι,
929 1248 997 1310 κτλ,
1015 1245 1104 1299 obiter
1164 1296 1168 1306 ,

76 1337 233 1408 inspexerit,
252 1337 397 1390 subactum
414 1337 545 1391 indicium
563 1337 632 1391 docti
650 1338 770 1391 bominis
787 1337 840 1390 sibi
857 1353 1007 1408 agnoscere
1025 1338 1103 1390 vide·

76 1433 154 1497 bitur,
172 1430 221 1498 qui
233 1429 433 1497 rempublicam
445 1428 691 1483 Orchomenicrnm
700 1447 752 1482 non
765 1447 783 1482 a
793 1429 958 1497 philosopho
972 1428 1104 1497 scriptam

77 1543 135 1578 esse
153 1523 304 1577 arbitratus
322 1520 372 1587 sit,
395 1522 444 1574 scd
460 1521 496 1574 ab
514 1521 569 1574 alio
587 1521 748 1584 Aristotele,
771 1520 817 1588 qui
839 1519 890 1574 cdv
908 1520 1021 1574 Πὲκλοι
1038 1538 1103 1573 con-

77 1615 194 1686 scripsit.
230 1613 304 1668 lt'ibil
323 1617 364 1666 est
381 1619 473 1666 autem
491 1613 527 1666 ab
545 1595 656 1684 ingenio
675 1612 786 1665 Tzetsis
809 1618 865 1665 tam
882 1613 1003 1666 alienum
1021 1629 1104 1680 quam

76 1713 144 1764 baec
176 1707 285 1780 altioris
310 1705 445 1776 indaginis
470 1706 556 1759 crisis.
597 1705 724 1768 Accedit,
754 1706 825 1773 qnod
859 1704 922 1757 libri
949 1704 1103 1758 Aristotelis

75 1805 107 1856 de
131 1799 291 1854 civitatibus
315 1804 437 1868 tempore
460 1799 568 1854 Taetuis
590 1799 648 1852 sine
673 1798 756 1850 dubio
779 1797 836 1850 iem
860 1796 992 1864 deperditi
1017 1801 1101 1850 erant.

75 1897 205 1949 Fortasse
230 1891 314 1962 igitur
339 1890 367 1942 in
390 1891 500 1944 Tsetsis
525 1890 676 1959 exemplari
699 1890 869 1943 scholiorum
897 1888 1102 1942 Proclianorum
1208 1934 1211 1938 .

74 1987 208 2056 scriptum
218 1991 290 2038 erat:
306 1979 321 2037 ὁ
336 1981 493 2050 φιλόσοφος
505 1979 582 2052 prcn‘
596 1981 759 2055 Φιλόχοροςι
772 1983 856 2056 igitur
866 1999 948 2051 quum
961 1983 1013 2032 non¹
1026 1981 1104 2033 inve·
1148 2019 1152 2025 .

75 2080 157 2132 uisset
164 2080 256 2130 locum
265 2076 292 2128 in
299 2074 454 2127 Aristotelis
461 2074 567 2142 scriptis
580 2075 632 2128 sibi
641 2077 719 2145 notis,
732 2095 764 2130 ex
779 2077 935 2137 coniectura
947 2073 1050 2136 addidit
1062 2070 1104 2125 di·

77 2179 147 2226 ctum
160 2171 224 2224 'boc
242 2185 301 2220 esse
318 2167 408 2220 autin
426 2167 673 2221 Orchomeniorum
690 2169 834 2236 republica
851 2172 962 2236 propter
980 2164 1105 2218 scholion

76 2255 253 2318 Procliauum
265 2262 299 2313 od
312 2259 364 2328 Op.
375 2259 445 2321 631,
463 2265 519 2325 aut,
538 2261 609 2328 quod
624 2259 799 2314 verisimilius
815 2260 841 2311 ei
860 2260 950 2311 visum
965 2257 1059 2322 fucrit,
1076 2257 1104 2309 in

77 2376 109 2412 ea
124 2351 364 2416 commentatione,
383 2367 465 2417 quam
474 2351 551 2418 Pepli
564 2353 673 2404 nomine
685 2369 745 2404 eam
759 2352 795 2403 ob
807 2367 919 2402 causam
931 2349 1106 2418 inscripserat

77 2450 247 2511 Aristoteles,
265 2443 337 2514 quod
353 2443 555 2512 mythologiam
578 2444 726 2512 praecipue
743 2443 906 2510 explicabat.
940 2443 982 2493 De
999 2440 1104 2492 Aristo·

77 2545 129 2598 tcle
150 2539 236 2608 Pepli
260 2543 371 2590 auctore
393 2541 502 2602 praeter
525 2537 651 2588 Eustatln.
677 2537 710 2588 ll.
735 2554 763 2603 p.
784 2533 845 2602 285,
868 2533 912 2586 24.
942 2541 1024 2603 atque
1047 2549 1104 2598 eos,

77 2650 144 2702 qnos
154 2628 280 2684 laudavit
296 2627 488 2680 Harlesius
506 2629 542 2679 ad
553 2629 715 2684 Fabr.Bibl.
730 2629 779 2681 Gr.
793 2629 840 2681 lll.
849 2625 953 2696 pm,
968 2645 995 2680 v.
1009 2624 1104 2680 Schol.

76 2723 187 2779 Aristid.
206 2722 242 2774 T.
259 2721 307 2772 111.
326 2737 352 2786 p.
371 2716 430 2772 323.
449 2719 546 2784 Dind,
576 2721 669 2774 Schol.
695 2722 759 2774 Ven.
776 2723 809 2774 ll.
828 2720 875 2785 xl,
891 2718 952 2771 688.
970 2725 996 2772 et
1012 2719 1105 2787 Etym·
1146 2786 1152 2792 Ι

77 2817 116 2869 ll.
135 2833 164 2868 v.
178 2805 268 2874 Ἦλις.
301 2812 413 2866 Videtur
430 2817 521 2863 eutem
538 2813 711 2880 perspicuum
730 2831 790 2866 esse
808 2831 842 2865 ex
857 2814 910 2864 boc
928 2811 1038 2864 Tactnis
1056 2810 1105 2862 ad·

79 2908 230 2960 ditamento
265 2921 318 2956 non
353 2902 478 2955 continuo
501 2905 627 2957 concludi
649 2905 751 2958 debere
775 2905 921 2972 Peplorum
944 2903 1106 2973 scriptorem

79 3015 142 3051 esse
157 2996 242 3049 ulium
260 3011 343 3062 quam
357 2993 553 3062 philosophum
565 2993 747 3056 Aristotelem,
766 2996 838 3061 quod
850 2995 914 3048 fecit
930 2992 1107 3047 Meursiur

79 3089 199 3144 Panatb.
225 3086 269 3140 18.
304 3087 437 3153 Exempto
457 3084 550 3154 igitur
574 3085 627 3136 boc
652 3087 780 3152 scrupulo
804 3087 842 3154 (si
863 3086 945 3140 modo
968 3104 1035 3140 vere
1059 3102 1107 3138 er·

80 3188 188 3250 smptus
206 3183 260 3244 est)
278 3179 347 3232 nibil
363 3177 471 3232 videtur
488 3175 637 3242 impedire,
665 3177 807 3245 quominus
829 3184 915 3235 totam
940 3182 1108 3232 commenta·

81 3275 182 3330 tionem
208 3273 242 3325 de
267 3275 347 3341 gente
370 3268 482 3321 Hesiodi
504 3269 544 3320 lo.
567 3269 663 3322 Taetzi
688 3289 750 3324 cum
774 3272 881 3326 Ranlric
910 3272 1107 3336 adscribamus,

5 3381 6 3440 j
83 3369 184 3420 editam
203 3365 310 3417 diverso
328 3364 409 3416 modo
427 3362 455 3414 in
472 3361 586 3414 diversis
610 3363 820 3431 exemplaribus.
854 3363 895 3415 Ab
918 3364 973 3414 hoc
989 3361 1107 3413 Proculo

83 3460 222 3514 diversum
245 3473 305 3508 esse
328 3458 470 3520 l'roclum,
496 3454 670 3506 Proculeium
694 3455 777 3507 etiam
798 3454 916 3515 dictum,
940 3455 1041 3521 Syrum
1058 3468 1107 3506 na·

5 3539 6 3598 Ῐ
83 3553 162 3618 tione,
180 3549 287 3604 monuit
304 3545 492 3600 Fabricius
509 3545 580 3598 Bibl.
596 3545 642 3596 Gr.
659 3546 694 3597 T.
707 3545 755 3598 lx.
767 3545 864 3616 'pana
876 3548 985 3600 Harles.
1019 3546 1109 3600 Huius

5 3623 6 3630 ,
84 3641 308 3698 commentarium
326 3641 365 3702 εἰς
387 3638 436 3695 ndo
454 3633 520 3709 παρ’
541 3633 661 3710 Ἡσιόδῳ
680 3638 729 3708 τῆς
747 3635 904 3712 Πανδώρας
919 3641 1014 3708 μῦθον
1032 3655 1107 3693 eom·

5 3725 6 3762 ³
84 3736 250 3790 memoravit
265 3732 371 3787 Suidas.
